2340 3894
167 236 209 299 σε
369 241 414 295 111.
456 224 917 295 ΔΗΜΟΣΘΕΝουΣ

123 394 193 484 2ςῆ
210 395 285 481 παρ’
296 394 393 483 ἡμῶν
409 391 521 460 αὐτῶν
536 397 709 470 Φίλιππος.
740 390 810 460 ἀλλ’
828 385 855 458 ῶ
873 399 953 475 τάν,
977 395 1008 458 εἰ
1020 397 1126 456 ταῦτα

171 495 319 582 φαύλως,
331 494 372 562 τά
383 490 412 578 γ’
424 495 461 559 έν
472 488 557 579 αὐτῇ
567 497 607 578 τῇ
618 489 713 558 πόλει
723 498 788 557 νῦν
805 489 944 576 άμεινου
962 495 1036 574 ἔχει.
1069 491 1126 556 καὶ

168 600 203 662 τί
218 588 262 659 άν
277 597 382 658 εἰπεῖν
397 615 447 666 τις
464 593 546 673 ἔχοις
569 587 629 665 τάς
645 589 793 667 ἐπάλξεις
807 585 846 666 ἃς
864 593 1046 672 κονιῶμεν,
1069 588 1126 655 καὶ

169 685 670 772 τάςὸβούςάςέπισκευάζομευ,
694 689 748 755 καὶ
758 688 897 772 κρήνας,
915 688 972 754 καὶ
982 685 1124 770 λη’ρους;

168 787 378 875 ἀποβλέψατε
390 781 430 869 δὴ
443 781 527 868 πρὸς
542 781 622 862 τούς
639 792 744 851 ταῦτα
762 786 1055 868 πολιτευομένους,
1075 774 1126 848 ῶν

170 890 205 954 ολ
213 886 274 970 μὲν
284 888 320 952 ἐκ
331 889 471 968 πτωχῶν
481 881 637 951 πλούσιοι
654 883 843 969 γεγόνασιν,
861 889 896 951 οἱ
905 880 935 950 θ’
948 887 980 961 ἐξ
992 880 1125 960 άδόξων

93 1042 96 1049 ,
170 990 312 1070 ἔντιμοι,
328 987 412 1050 ένιοι
429 981 465 1049 δὲ
480 977 539 1059 τὰς
557 984 642 1060 ἰδίας
658 987 763 1061 οἰκίας
774 990 841 1050 τῶν
852 987 1021 1069 δημοσίων
1032 985 1125 1048 οἰκο-

169 1080 369 1168 δομημάτων
389 1081 590 1164 σεμνοτέρας
617 1083 679 1148 εἰσὶ
705 1084 1021 1168 κατεσκευασμένοι,
1054 1077 1124 1166 ὅσῳ

169 1183 205 1249 δὲ
215 1181 256 1247 τά
267 1186 325 1266 τῆς
336 1177 465 1257 πόλεως
481 1178 607 1246 ἐλάττω
616 1179 750 1266 γέγονε,
772 1178 921 1268 τοσούτω
939 1175 980 1246 τά
990 1177 1123 1246 τούτων

166 1279 312 1366 ηὔξηται.

123 1395 158 1448 30
254 1384 297 1446 Τί
315 1375 356 1463 δὴ
377 1373 415 1443 τὸ
437 1375 575 1442 πάντων
586 1385 693 1460 αἴτιον
702 1376 847 1462 τούτων,
865 1377 921 1444 καὶ
936 1384 969 1442 τί
989 1375 1123 1460 δήποτε

168 1469 284 1546 ἅπαντ’
297 1475 360 1561 εἶχε
371 1480 481 1552 καλῶς
490 1473 565 1542 τότε
576 1476 632 1541 καὶ
643 1481 709 1542 νῦν
720 1472 783 1543 οὐκ
795 1473 923 1560 ὀρθῶςς
935 1473 997 1541 ’ὅτι
1011 1471 1050 1543 τὰ
1062 1473 1124 1559 μὲν

167 1575 334 1659 πρότερον
344 1570 585 1656 στρατεύεσθαι
595 1580 727 1658 τολμῶν
744 1571 844 1653 αὐτὸς
855 1571 873 1641 ὁ
886 1578 988 1660 δῆμος
999 1571 1125 1640 θεσπό-
1140 1646 1144 1655 ,

167 1701 225 1760 της
236 1682 304 1741 τῶν
314 1674 582 1755 πολιτευομένων
590 1663 634 1757 ἦν
644 1673 700 1740 καὶ
715 1673 832 1757 κύριος
844 1672 947 1752 αὐτὸς
963 1671 1123 1740 ἁπάντων

167 1781 237 1840 τῶν
252 1768 411 1854 άγαθῶν,
434 1769 491 1835 καὶ
508 1766 680 1855 άγαπητὸν
695 1763 739 1855 ἦν
749 1771 839 1854 παρά
856 1779 919 1840 τοῦ
935 1771 1045 1858 δήμου
1054 1779 1123 1839 τῶν

167 1868 418 1956 άλλωνέκάστῳ
440 1868 496 1933 καὶ
515 1875 611 1953 τιμῆς
620 1870 676 1935 καὶ
697 1867 800 1956 ἀρχῆς
816 1874 871 1938 καὶ
883 1867 1022 1956 ’άγαθοῦ
1032 1896 1123 1951 τινος

122 1989 157 2040 31
167 1973 374 2054 μεταλαβεῖν·
385 1973 452 2033 νῦν
461 1966 496 2033 δὲ
503 1962 703 2048 τούναντίον
709 1967 819 2052 κύριοι
830 1970 893 2053 μέν
903 1974 938 2036 οί
945 1969 1123 2037 πολιτευό-
1132 1986 1163 2040 37

166 2090 261 2151 μενοι
271 2071 339 2131 τῶν
350 2060 502 2147 άγαθῶν,
514 2064 569 2130 καὶ
580 2062 633 2129 διά
646 2064 776 2133 τούτων
792 2065 922 2134 ἅπαντα
934 2067 1121 2153 πράττεται,

167 2163 259 2250 ὑμεῖς
281 2161 350 2230 δ’ὁ
374 2166 477 2248 δῆμος
498 2166 784 2251 ἐκνενευρισμένοι
803 2167 858 2233 καὶ
885 2169 1122 2254 περιῃρημένοι

165 2265 316 2358 χρήματα
336 2263 392 2330 καὶ
413 2261 608 2347 συμμάχους
623 2267 660 2330 ἐν
676 2261 844 2350 ὑπηρέτου
860 2267 915 2333 καὶ
926 2264 1123 2352 προσθήκης

166 2367 258 2450 μέρει
279 2363 473 2448 γεγένησθε,
493 2358 685 2445 ἀγαπῶντες
704 2360 764 2430 ἐάν
785 2369 981 2448 μεταδιδῶσι
996 2373 1123 2448 θεωρι-

166 2471 236 2530 κῶν
248 2459 330 2547 ὐμϊν
339 2457 556 2547 ἢΒοηδρόμια
568 2464 742 2546 πέμψωσιν
752 2454 857 2547 οὗτοι,
866 2465 920 2530 καὶ
931 2459 968 2530 τὸ
981 2460 1120 2529 πάντων

167 2560 419 2645 ἀνδρειότατον,
440 2565 508 2624 τῶν
525 2555 694 2642 ὑμετέρων
710 2555 823 2626 αὐτῶν
833 2560 930 2645 χάριν
939 2567 1123 2645 προσοφεί-

166 2668 246 2728 λετε.
279 2662 314 2726 οἱ
323 2654 358 2722 δ’
370 2658 408 2724 έν
419 2654 505 2743 αὐτῇ
511 2662 554 2742 τῇ
567 2656 663 2723 πόλει
681 2661 916 2743 καθείρξαντες
930 2654 1018 2741 ὑμᾶς
1038 2657 1123 2726 ἐπά-

166 2776 286 2843 γουσιν
308 2755 361 2820 ἐπὶ
381 2760 486 2819 ταῦτα
506 2756 562 2821 καὶ
582 2757 798 2824 ταθασεάουσι
813 2757 999 2843 χειροήθεις
1010 2756 1123 2836 αὑτοῖς

123 2879 158 2932 32
168 2861 350 2932 ποιοῦντες.
387 2857 454 2920 ἔστι
466 2851 498 2919 θ’
511 2850 672 2939 οὐδέποτ’,
692 2854 792 2941 οἶμαι,
804 2860 888 2941 μέγα
898 2857 953 2923 καὶ
963 2853 1123 2923 νεανικὸν

167 2952 324 3039 φρόνημα
340 2958 455 3038 λαβεῖν
471 2950 572 3037 μικρά
584 2956 639 3021 καὶ
654 2962 768 3039 φαῦλα
786 2955 1005 3037 πράττοντας·
1030 2951 1120 3022 ὁποῖ’

165 3052 246 3118 άττα
257 3049 321 3136 γάρ
332 3048 376 3118 άν
386 3049 426 3117 τά
438 3051 677 3138 ἐπιτηδεύματα
688 3051 954 3135 τῶνάνθρώπων
965 3045 998 3139 ᾗ,
1006 3059 1123 3120 τοιοῶ-

165 3176 224 3218 τον
235 3146 364 3234 άνάγκη
375 3151 429 3216 καλ
441 3147 479 3216 τὸ
492 3150 650 3237 φρόνημα
661 3157 755 3236 έχειν.
790 3159 894 3219 ταῦτα
911 3151 956 3236 μά
972 3148 1036 3237 τὴν
1046 3152 1123 3237 Δη’·

165 3274 273 3338 μητρα
283 3245 346 3316 οὐκ
360 3242 403 3313 άν
414 3249 638 3336 θαυμάσαιμι,
663 3255 693 3316 εἰ
708 3256 826 3334 μείζων
837 3251 964 3318 εἰπόντι
982 3252 1053 3336 ἐμοὶ
1064 3252 1124 3334 γέ-

165 3375 257 3418 νοιτο
274 3348 348 3436 παρ’
361 3343 457 3432 ὑμῶν
473 3349 581 3435 βλάβη
599 3357 666 3416 τῶν
685 3348 916 3433 πεποιηκότων
928 3345 1013 3414 αὐτά
1024 3348 1124 3434 γενέ-
