2340 3894
160 194 204 259 38
386 197 433 255 lv,
455 189 876 262 ΔΗΜΟΣΘΕΝΟΥΣ

162 338 242 424 οὐδὲ
258 357 421 425 διδόντων
438 361 505 420 των
522 356 649 434 καιρῶν
665 347 862 434 Ἀμφίπολιν
873 352 1033 429 δέξασθαι
1053 349 1117 416 δό·

162 451 273 521 ναισθ’
286 449 340 538 άν,
351 449 575 536 ἀπηρτημένοι
591 449 645 514 καὶ
662 461 732 524 ταῖς
746 461 970 534 παρασκευαῖς
980 450 1035 515 καὶ
1046 461 1117 526 ταῖς

160 549 316 668 γνώμαις.

121 661 155 712 13
242 646 299 726 ,Ως
317 641 436 733 μέν
395 673 458 714 ουν
476 650 528 742 δεῖ
541 643 580 710 τά
593 642 804 762 προσήκοντα
821 657 927 711 ποιεῖν
938 647 1118 722 ἐθέλοντας

163 745 322 833 ὑπάρχειν
340 732 489 822 ἅπαντας
506 745 559 811 έτο
561 754 657 828 ίμως,
677 740 721 819 ὡς
737 742 967 826 ἐγνωκότων
948 770 1044 829 υμων
1062 746 1117 811 και

162 847 401 931 πεπεισμένων,
419 868 567 926 παυομαι
576 844 698 924 λέγων
721 836 782 906 τόν
799 840 834 907 δὲ
845 866 970 925 τροπον
980 867 1040 926 της
1051 864 1117 907 πα-

156 939 363 1026 ·ρασκευής“
341 969 384 1026 ην
395 934 611 1018 άπαλλάξαι
589 965 633 1004 αν
651 938 892 1006 τῶντοιούτων
913 940 1117 1025 πραγμάτων

162 1039 247 1125 ὑμᾶς
257 1049 378 1156 ρίομαι,
390 1042 445 1105 καλ
456 1036 492 1105 τδ
506 1046 636 1123 πλῆθος
646 1035 744 1122 ὅσον,
757 1039 812 1104 καὶ
824 1038 950 1122 πόρους
959 1039 1117 1116 οὕστινας

161 1137 346 1224 χρημάτων,
365 1141 420 1205 καί
437 1135 581 1203 τᾶλλα
560 1161 603 1212 ως
621 1134 664 1201 άν
680 1160 736 1259 μοι
751 1138 903 1221 βέλτιστα
914 1140 969 1204 καί
978 1137 1117 1221 τάχιστα

162 1242 254 1304 δοκεῖ
275 1242 610 1321 παρασκευασθῆναι,
639 1236 693 1300 καὶ
715 1231 755 1318 δή
777 1233 975 1319 πειράσομαι
996 1239 1115 1318 λέγειν,

120 1346 154 1398 14
163 1334 322 1420 δεηθεὶς“
306 1362 410 1420 υμων,
424 1362 449 1402 ω
438 1328 580 1417 ἄνδρες
589 1331 768 1418 Ἀθηναῖοι,
781 1341 951 1400 τοσοῦτον.
981 1333 1116 1401 ἐπειδὰν
1124 1351 1158 1403 44

74 1432 185 1479 κ’
163 1458 294 1500 απαντα
304 1431 478 1553 ἀκούσητε,
490 1439 634 1517 κρίνατε,
651 1431 695 1516 μή
708 1429 871 1516 πρότερον
882 1431 1116 1515 προλαμβάνε-

162 1557 211 1598 τε
224 1528 336 1617 μηδ”
314 1560 358 1599 αν
369 1530 430 1611 ἐξ’
413 1539 512 1615 αρχῆς
524 1535 612 1597 δοκῶ
623 1555 688 1595 τινι
704 1527 824 1614 καινήν
834 1530 1051 1614 παρασκευήν
1062 1535 1129 1597 λε’-

161 1654 243 1714 γειν,
256 1627 458 1716 ἀναβάλλειν
469 1654 509 1714 με
525 1626 566 1694 τά
578 1626 754 1712 πράγματα
764 1625 921 1713 ήγείσθω.
954 1624 1073 1711 οὐγὰρ
1084 1632 1119 1693 σί

162 1726 244 1812 ταχύ
254 1729 309 1794 καὶ
319 1728 462 1813 τήμερον
474 1727 621 1804 εἰπόντες
636 1726 775 1811 μάλιστα
795 1732 841 1804 είς
858 1732 934 1794 δέον
944 1731 1116 1810 λέγουσιν·

163 1823 281 1909 οὐγὰρ
294 1821 388 1892 άντά
406 1851 443 1910 γε
459 1824 524 1911 ήδη
539 1827 741 1910 γεγενημένα
753 1834 794 1914 τῇ
804 1828 882 1893 νυνὶ
892 1832 1034 1913 βοηθείᾳ
1047 1850 1119 1892 αω-
1159 1908 1162 1916 Ι

120 1925 152 1976 15
162 1929 263 1991 λῦσαι
281 1928 519 2009 δυνηθείημεν·
543 1920 610 1990 ἀλλ’
630 1921 666 2000 ὃς
683 1919 727 1990 άν
745 1928 833 2010 δεέξη
852 1932 899 2001 τίς
916 1933 1118 2008 πορισθεῖσα

161 2021 353 2105 παρασκευή
371 2022 426 2088 καὶ
442 2021 528 2106 πόση
546 2024 600 2089 καὶ
618 2023 727 2089 πόθεν
744 2026 908 2106 διαμεῖναι
925 2021 1117 2107 δυνήσεται,

161 2112 308 2203 ἕωςάνή
326 2120 561 2204 διαλυσώμεθα
579 2123 771 2197 πεισθέντες
787 2116 846 2185 τόν
865 2114 1118 2204 πόλεμονήπε-

161 2217 372 2303 ριγενοόμεθα
383 2227 451 2285 τῶν
463 2224 608 2305 ἐχθροῖν·
629 2217 717 2286 οὕτω
726 2217 790 2304 γάρ
802 2217 913 2285 οὐκέτι
922 2226 985 2284 τοῦ
996 2226 1118 2285 λοιποῦ

162 2318 343 2404 πάσχοιμεν
361 2315 405 2385 άν
422 2327 538 2397 κακῶς.
573 2317 662 2403 οἶμαι
678 2325 793 2385 τοίνυν
811 2315 874 2400 ἐγω
891 2325 996 2382 ταῦτα
1007 2318 1119 2400 λέγειν

162 2419 257 2500 ἔχειν,
275 2414 320 2501 μή
339 2417 481 2484 κωλύων
499 2427 586 2496 είτις
596 2417 696 2496 άλλος
707 2419 939 2500 ἐπαγγέλλεταί
947 2442 987 2482 τι.
1019 2413 1117 2502 ήμδν

163 2504 227 2579 οὖν
247 2508 423 2596 ὑπόσχεσις
444 2513 532 2581 οὕτω
551 2517 693 2600 μεγάλη,
716 2514 753 2580 τό
773 2516 808 2582 δὲ
827 2523 962 2600 πρᾶγμα
978 2513 1043 2600 ήδη
1055 2512 1118 2582 τὸν

161 2614 295 2693 ἔλεγχον
307 2608 421 2676 διόσει·
433 2615 539 2694 κριταὶ
551 2611 581 2679 δ’
597 2611 689 2696 ὑμεῖς
700 2618 825 2679 ἔσεσθε.

121 2710 153 2764 16
245 2711 387 2788 Προῖτον
398 2708 458 2790 μὲν
468 2716 594 2795 τοίνυν,
615 2703 772 2796 ιδάυδρες
780 2708 959 2797 Ἀθηναῖοι,
971 2713 1119 2797 τριήρεις

161 2802 366 2888 πεντήκοντα
386 2806 708 2886 παρασκευάσασθαί
721 2836 805 2894 φημι
823 2813 907 2893 δεῖν,
925 2806 978 2876 εἶτ’
991 2807 1119 2889 αὐτούς

160 2900 318 2977 οὑτωτάς
329 2900 463 2986 γνάμας
475 2909 560 2989 ἔχειν
579 2903 638 2992 ὠς,
658 2906 717 2973 έάν
734 2936 764 2973 τι
781 2910 856 2993 δέη,
875 2910 1058 2974 πλευστέον
1071 2915 1119 2987 είς

159 2995 1120 3093 ταόταςαὺτοῖςέμβιῖσιν.πρὸςδὲτοότοιςτοῖςήμίσεσιτων

161 3099 287 3163 ἱππέων
300 3098 514 3186 έπηαγωγοδς
524 3102 667 3188 τριήρεις
675 3105 732 3171 καὶ
742 3112 840 3172 πλοῖα
851 3104 951 3172 ἱκανά
963 3102 1120 3189 εὐτρεπί-

57 3282 61 3287 .
119 3203 150 3257 l?
161 3217 223 3264 σαι·
235 3193 369 3262 κελεύω.
403 3206 507 3267 ταῦτα
527 3203 587 3286 μὲν
610 3194 699 3288 οἶμαι
720 3207 789 3270 δεῖν
806 3203 969 3290 ὑπάρχειν
986 3207 1040 3274 ἐπὶ
1057 3205 1119 3284 τάς

160 3299 314 3379 ἐξαίφνης
330 3294 453 3373 ταύτας
469 3294 534 3366 άπό
553 3308 612 3386 τής
626 3307 749 3381 οίκείας
764 3300 873 3388 χώρας
892 3300 1000 3372 αὐτοῦ
1011 3323 1118 3391 στρα-

115 3484 118 3489 j
157 3401 244 3473 τειάς
256 3399 300 3471 εἰς
310 3394 424 3472 Πύλας
435 3398 490 3463 καὶ
499 3399 716 3486 Χερρόνησον
727 3400 957 3469 ααὶὌλννθον
968 3405 1024 3469 καί
1034 3400 1117 3470 ὅποι
