2340 3894
85 262 89 271 ,
139 215 203 280 268
350 221 447 278 xvm.
478 218 899 282 ΔΗΜΟΣΘΕΝΟΤΣ

141 386 205 445 τοῦ
215 386 396 463 καθαρμοῦ
412 379 561 446 κελεύων
571 380 680 462 λέγειν
690 375 841 464 “ἔφυγον
853 378 975 462 κακόν,
998 371 1099 463 εύρον

134 474 327 562 “όι’μεινον,”
348 479 401 545 ἐπὶ
411 485 459 566 τῷ
469 481 596 563 μηδένα
612 476 748 544 πάποτε
764 475 929 562 τηλικοῦτ’
944 475 1100 557 ὀλολύξαι

141 576 392 662 σεμνυνόμενος
405 578 475 664 (καὶ
492 582 595 661 ἔγωγε
613 581 750 660 νομίζω·
769 574 813 661 μή
827 575 891 667 γὰρ
912 574 1016 644 οἴεσθ’
1039 578 1098 643 αύ-

78 688 131 740 260
142 672 202 741 τόν
212 673 424 761 φθέγγεσθαι
434 675 495 760 μὲν
504 674 593 743 οὕτω
604 677 697 760 μέγα,
706 673 877 755 ὀλολύζειν
888 673 919 742 δ’
929 673 1101 760 ούχύπὲρ-

141 778 327 859 λαμπρον),
350 777 387 842 ἐν
409 773 446 841 δὲ
463 766 537 852 ιταῖς
557 771 695 859 ἡμέραις
713 771 793 851 τούς
813 771 937 851 καλούς
958 774 1101 853 θιάσους

141 869 236 954 άγων
247 871 302 938 διά
315 868 505 954 τῦνόδοῦν,
523 869 602 949 τούς
618 874 913 957 ἐστεφανωμένους
927 880 976 961 τῷ
992 873 1101 958 μαρά-

140 978 194 1055 θῳ
207 971 262 1036 καὶ
271 977 313 1055 τῇ
324 968 442 1054 λεύκη,
460 967 539 1047 τούς
556 969 650 1054 ὄφεις
659 969 740 1048 τούς
750 977 887 1054 παρείας
898 977 1031 1056 θλίβων
1043 976 1099 1039 καί

140 1063 1101 1156 ῦπὲρτήςκεφαλῆςαίωρωυμαὶβοῦνεύοῑσαβοϊ,καὶέπορ-

139 1164 302 1249 Ιχούμενος
312 1164 373 1252 ύής
384 1165 482 1252 άττης
492 1165 590 1261 άττης
601 1163 673 1253 ῦής,
688 1175 821 1254 ἔξαρχος
830 1171 885 1236 καί
896 1169 1099 1254 προηγεμὼν

140 1266 197 1331 καὶ
217 1265 418 1350 κιττοφόρος
438 1269 493 1333 καὶ
514 1266 715 1352 λικνοφόρος
726 1270 781 1334 καλ
796 1275 934 1335 τοιαῦτα
951 1263 1019 1334 ὑπὸ
1032 1274 1100 1333 τοῖν

140 1367 288 1451 γρᾳδίων
295 1366 639 1452 προσαγορευόμενος,
646 1363 1099 1451 μισθόνλαμβάνωντούτων
1106 1376 1146 1434 314

141 1467 380 1546 ἔνθρυπτακαι
387 1465 571 1549 στρεπτούς
579 1463 634 1529 καὶ
641 1461 795 1549 νεήλατα,
804 1461 853 1548 ἐφ
861 1458 956 1543 οίς
923 1490 972 1544 τις
985 1492 1050 1533 ουκ
1059 1493 1100 1533 αν

88 1588 188 1640 ως
199 1558 335 1645 άληθως
346 1558 451 1628 αύτόν
465 1559 708 1646 εὐδαιμονίσειε
720 1560 821 1628 καί
786 1588 848 1646 την
859 1560 967 1630 αὑτοῦ
978 1565 1099 1652 τύχην;

73 1673 131 1728 ’261
143 1658 256 1744 ἐπειδή
270 1659 341 1726 δεί
311 1664 357 1738 ς
368 1684 448 1737 τους
458 1658 603 1744 δημότας
615 1660 800 1746 ἐνεγράφης
812 1659 1045 1750 ὁπωσδήποτε,
1057 1665 1099 1731 ἑά
1139 1740 1144 1749 ,

140 1756 204 1844 γάρ
214 1758 316 1826 τοῦτό
325 1783 373 1844 γε,
388 1755 537 1841 ἐπειδήδ
549 1749 612 1822 ούν
623 1760 821 1845 ἐνεγράφης,
833 1757 961 1838 εὐθέως
972 1786 1011 1826 το
1000 1759 1099 1829 καλ

139 1868 255 1926 λιστον
262 1861 470 1936 έξελέξωτων
478 1859 597 1940 ἔργων,
604 1880 850 1941 γραμματευειν
858 1857 1098 1947 καλυπηρετειν

142 1959 388 2046 τοῑςάργιδίοις
402 1959 485 2039 ύςδ
502 1953 982 2079 άπηλλάγηςποτὲκαίτούτου,
996 1956 1095 2030 πάνθ’

139 2055 162 2123 όέ
176 2064 249 2124 τω”ν
260 2057 373 2126 ἄλλων
385 2071 581 2144 κατηγορεῖς
598 2055 698 2135 αὐτὸς
710 2056 880 2141 ποιήσας,
880 2056 921 2124 ού
932 2058 1098 2146 κατῄσχυ-

139 2182 201 2234 νας
213 2182 259 2241 μα
247 2154 323 2224 Δι
337 2155 439 2225 οὐδὲν
456 2163 524 2224 των
539 2160 832 2242 προϋπηργμένων
843 2161 889 2244 τῷ
901 2155 984 2239 μετὰ
996 2165 1098 2225 ταῦτα

79 2261 222 2345 θόλβίφ,
241 2253 326 2323 ἀλλὰ
344 2256 519 2342 μισθώσας
530 2254 655 2324 σαυτὸν
666 2267 735 2333 τοῖς
747 2253 970 2340 βαρυστόνοις
985 2259 1099 2323 ἐπικα·

140 2357 319 2440 λονμόυοις
331 2358 471 2434 ἐκείνοις
482 2352 687 2439 ὑποκριταῖς,
698 2351 839 2442 Σιμύλφ
852 2356 906 2419 καὶ
913 2358 1097 2442 Σωκράτει,

140 2455 436 2540 ἐτριταγωνίστεις,
449 2461 537 2522 σῦκα
549 2454 605 2520 καὶ
616 2451 740 2538 βότρυς
752 2477 806 2517 και
796 2450 916 2530 ἐλάας
927 2457 1099 2539 συλλέγων

140 2547 253 2636 ωσπερ
262 2549 563 2639 οπωρωνηςέκτων
570 2549 755 2636 αλλοτριων
761 2554 902 2636 χωρίων,
910 2558 1016 2619 πλειω
1023 2561 1097 2638 λαμ

140 2743 216 2824 περὶ
227 2768 286 2826 της
296 2738 666 2829 ηῦνγηςηγωνίζεσθε
643 2772 687 2830 ην
697 2745 761 2830 γάρ
775 2744 941 2826 ασπονδος
951 2747 1097 2834 καὶακη

138 2861 262 2918 ρνκτος
272 2837 353 2923 υμλν
363 2863 446 2926 προς
457 2866 536 2919 τους
546 2843 671 2920 θεατας
689 2841 878 2930 πόλεμος,’
861 2845 917 2931 υφ’
931 2874 982 2914 ων
992 2845 1096 2915 πολλὰ

142 2936 289 3029 τραύματ
289 2934 449 3024 ἐίληφως
460 2939 710 3020 είκότωςτούς’
690 2947 847 3027 απείρους
857 2969 926 3010 των
936 2947 1097 3065 τοιούτων

76 3033 344 3101 λδθκινδύνων’
322 3062 367 3114 ως
379 3036 509 3118 δειλούς
525 3039 697 3117 σκωπτεις.
731 3038 815 3108 ἀλλά
834 3041 899 3128 γάρ
917 3046 1035 3127 παρεὶς
1052 3069 1098 3110 ων

137 3131 200 3219 τήν
210 3138 328 3200 πενίαν
339 3135 544 3205 αἰτιάσαιτ’”
522 3165 564 3206 αν
575 3166 641 3224 τις,
655 3137 739 3223 πρός
750 3137 835 3207 αύτά
846 3138 887 3207 τά
899 3151 961 3209 τοῦ
971 3143 1099 3229 τρόπον

139 3250 202 3299 σου
214 3235 394 3317 βαδιοῦμαι
403 3239 666 3322 κατηγορήματα.
688 3239 845 3324 τοιαύτην
855 3266 920 3326 γαρ
933 3245 1026 3309 ειλου
1036 3255 1117 3309 πο-’

137 3335 272 3413 λιτείαν,
284 3333 399 3418 ἐπειδή
410 3357 489 3400 ποτε
506 3337 561 3400 καί
571 3343 652 3401 τοῦτ
655 3332 805 3421 ’ἐπῆλθέ
813 3356 867 3406 σοι
884 3347 1038 3424 ποιήσαι,
1057 3333 1096 3405 δι’

136 3421 181 3510 ἣν
193 3423 395 3514 εὐτυχούσης
405 3432 467 3515 μεν
476 3439 535 3516 τῆς
545 3433 799 3527 κατρίδοςλαγω
810 3441 887 3520 βίον
898 3440 971 3523 ἔζης
982 3434 1098 3513 δεδιως
