2340 3894
141 160 205 226 ³44
363 163 434 221 xlx
459 158 884 220 ΔΗΜΟΣΘΕΝΟῪΣ-

141 328 289 411 ἐχθροῖν,
308 330 377 391 τοῖν
388 319 565 407 ἀλιτηρίων
572 315 759 385 Ὀλυνθίων
769 318 981 404 αίχμιίλωτον
990 312 1098 395 οὖσαν

140 428 290 509 τρυφᾶν·
312 422 369 489 καὶ
380 416 495 487 “adhc
505 421 606 485 παῖδα
614 412 639 501 ,”
663 412 867 502 καὶ“ίμόυτα
881 444 930 498 τις
941 414 1098 503 φερέτω.”

140 512 222 607 ἧκεν
232 523 360 605 οἰκέτης
371 521 455 604 ἔχων
465 518 609 604 ῥυτῆρα,
626 518 682 582 καὶ
694 513 912 599 πεπωκότων,
930 513 1034 602 οἶμαι,
1047 516 1150 584 καίλοῖ

141 626 270 704 μικρῶν
281 619 389 685 ὄντων
399 623 467 683 τῶν
479 613 778 700 παροξυνόντων,ε
780 615 920 700 ίπούσης
930 641 962 682 τι
973 616 1030 682 καὶ
1042 618 1100 681 δα-

141 715 311 801 κρυσάσης
321 717 447 799 ἐκείνης
458 709 700 799 περιρρήξας
665 738 725 779 τον
735 719 945 796 χιτωνίσκον
943 739 962 780 ο
951 710 1100 799 οἰκέτης

82 824 134 880 198
143 817 196 895 §a
194 838 245 881 νει
256 809 339 879 κατὰ
350 820 412 878 τοῦ
422 809 533 878 νω’του
544 810 677 888 πολλός.
699 807 804 890 ἔξωδ
818 807 922 896 αὐτῆς
933 803 1022 880 ουσα
1033 809 1097 879 ὑπό

126 918 202 980 τοῦ
220 936 327 979 κακον
311 911 476 977 καὶτοῦ
471 908 692 1028 πράγματος
705 905 725 992 ἡ
746 905 833 993 γυνή
855 905 1099 994 ἀναπηδήσασα

142 1015 340 1096 προσπίπτει
350 1003 434 1091 πρὸς
443 1004 483 1072 τὰ
494 1005 661 1095 γόνατα
630 1031 676 1073 τω
663 1002 869 1091 ’Ἰατροκλεῖ
880 1007 935 1073 καὶ
946 1005 1011 1092 τήν
1021 1008 1100 1094 vpdf

142 1103 440 1188 πεζανιίνατρίπει.
473 1105 570 1173 καὶεί
556 1102 623 1192 ίμή
643 1100 1097 1189 ’κεῖνοςιῖφείλετο,οἱπω’λετ’

143 1199 186 1271 διν
203 1205 466 1290 παροινουμένη·
489 1204 545 1270 καὶ
561 1201 625 1289 γδρ
641 1199 662 1289 ή
681 1209 837 1288 παροινία
848 1211 910 1270 τοῦ
920 1203 1099 1289 καθάρμα-

141 1326 198 1380 τος
208 1305 344 1368 τουτουὶ
356 1300 461 1388 δεινή.
488 1302 545 1368 καὶ
564 1303 639 1384 περι
649 1326 770 1388 ταντης
780 1328 837 1388 της
848 1299 1038 1385 ἄνθρωπον
1048 1306 1099 1370 καί

142 1403 180 1468 ἐν
184 1398 340 1488 Ἀρκαδία
352 1398 449 1483 λόγος
458 1390 503 1484 ήυ
513 1401 551 1471 ἐν
561 1410 629 1476 τοῖς
638 1406 785 1495 μυρίοις,
795 1400 851 1518 καὶ
860 1396 1056 1484 Διόφαντος
1066 1403 1101 1467 ἐν

142 1494 223 1584 ὑμῖν
240 1492 486 1583 απήγγελλεν“
463 1523 485 1562 α
501 1503 568 1563 νῦν
584 1511 766 1581 μαρτυρεῖν
783 1493 889 1564 αὐτόν
907 1494 1099 1584 ἀναγκάσω,

80 1608 83 1613 “
140 1595 292 1663 καὶκατὰ
307 1601 488 1662 Θετταλίαν
499 1591 604 1672 πολδς
614 1594 714 1682 λόγος
726 1597 781 1663 καὶ
793 1619 1001 1682 πανταχου.

82 1709 134 1764 199
227 1694 294 1760 Καὶ
311 1700 449 1760 τοιαῦτα
467 1690 628 1771 συνειδως
644 1690 734 1780 αὑτῷ
751 1696 967 1813 πεπραγμένα
985 1691 1100 1763 ὁάκό-

143 1800 268 1874 θαρτος
278 1780 377 1869 οὗτος
387 1790 544 1876 τολμήσει
554 1793 689 1876 βλέπειν
700 1788 781 1869 είς(
762 1798 865 1877 υμᾶς,
888 1790 998 1860 καὶ
961 1818 1026 1859 τον
1043 1799 1099 1878 βε-

142 1891 308 1973 βιωμένον
332 1884 423 1975 αὑτω
442 1894 519 1973 βίον
536 1885 655 1955 αὐτίκα
672 1887 713 1974 δή
731 1887 808 1974 μάλ’
826 1891 895 1980 ἐρεῖ
908 1897 1098 2010 λαμπρᾷ
1061 1917 1099 1996 τη

144 1992 255 2070 φωνή
264 1981 320 2066 ἐφ’
333 1979 382 2060 οἷς
393 1983 528 2068 ἔγωγε
507 1994 739 2071 αποπνιγομαι
763 2013 824 2054 ουκ
836 1997 949 2055 ῖσασιν
959 2014 1055 2057 ουτοι
1064 2015 1100 2056 το

144 2081 248 2167 μὲν
216 2105 231 2146 ε
260 2077 361 2164 αρχής
370 2105 430 2158 τας
442 2080 610 2168 βίβλους’
589 2084 884 2170 αναγνγνωσκοντό
896 2107 933 2157 σε
945 2112 985 2173 τη
973 2088 1101 2174 μητρὶ

144 2177 295 2268 τελούση,
307 2181 363 2246 καὶ
374 2177 508 2246 παῖδα”
487 2206 569 2248 οντα
580 2184 618 2249 ἐν
628 2183 762 2262 θιάσοις
772 2185 827 2251 καὶ
836 2183 1061 2269 μεθόουσιν’
1039 2210 1116 2252 av·-

78 2285 134 2339 200
142 2275 295 2361 θρώποις
314 2276 593 2364 καλινδοόμενον;
614 2280 698 2367 μετὀὶ
717 2288 820 2350 ταῦτα
842 2282 878 2351 δὲ
897 2297 968 2362 ταῖς
984 2281 1101 2370 ἀρχαῖς
1151 2346 1153 2351 .

142 2373 485 2466 ὑπογραμματεύοντα
496 2378 552 2445 καί
563 2381 660 2447 δυοῖν
670 2374 693 2464 ή
704 2387 805 2463 τριῶν
816 2385 975 2466 δραχμῶν
993 2406 1101 2467 πουη,

132 2499 206 2559 ιρου
217 2499 314 2552 οντα
334 2500 374 2541 τα
363 2474 606 2546 τελευταιαδ
624 2482 759 2564 ἔναγχος
775 2481 812 2545 ἐν
822 2487 989 2565 χορηγιοις
1000 2477 1101 2549 αλλο·

141 2578 244 2655 τρίοις
254 2574 306 2640 ἐπὶ
317 2597 362 2661 τμ
371 2589 641 2694 τριταγωνιστεῖν
652 2600 828 2698 αγαπητως
843 2579 1101 2665 παρατρεφόμε-

95 2723 98 2729 .
141 2693 222 2748 νον;
234 2683 331 2738 ποῖον
342 2696 407 2739 ουν
417 2675 501 2755 ἕρεις
511 2671 617 2759 βιον
597 2700 638 2741 ον
648 2700 690 2742 ου
678 2673 871 2762 βεβίωκας,
882 2677 1034 2763 ἐπεὶογε
1044 2685 1101 2765 βε

141 2770 303 2851 βιωμενος
312 2788 367 2836 σοι
376 2795 527 2848 τοιουτος
537 2779 705 2854 φαίνεται
729 2772 812 2843 ἄλλα
830 2772 920 2860 δή
883 2803 925 2842 τα
935 2803 995 2862 της
1004 2778 1102 2855 ἐξου-

140 2869 222 2940 σίας
244 2889 341 2943 ουτος
353 2864 456 2933 αλλον
467 2872 575 2952 ἔκρινε
586 2868 664 2955 παρ
679 2869 760 2957 υμῖν
768 2875 820 2941 ἐπὶ
830 2881 980 2962 πορνεια
1014 2870 1098 2941 αλλὰ

140 2961 237 3047 μήπω
259 2970 378 3127 τίαῦτα,
404 2961 489 3032 ἄλλα
510 2963 568 3045 τὰς
589 2977 771 3055 μαρτυρίας
789 2997 846 3057 μοι
866 2973 941 3057 λε’γε
962 2993 1098 3055 πρωτον

139 3079 265 3128 ταυτασ

488 3170 748 3238 MAPTYPIAI.
788 3221 791 3225 A
1107 3182 1153 3236 4⁰4

75 3267 123 3319 201
226 3260 407 3328 Τοσοότων
417 3269 535 3331 τοίνυν
545 3267 600 3332 καὶ
612 3263 773 3333 τοιούτων
790 3263 916 3348 όντων,
938 3256 967 3331 ὦ
977 3263 1099 3348 ἄνδρες

136 3362 304 3455 δικασταὶ,
335 3352 385 3427 οἷν
405 3358 531 3430 ἀδικῶν
552 3359 640 3449 ὑμᾶς
659 3363 900 3448 ἐξελήλεγκται,
930 3364 969 3430 ἐν
989 3358 1039 3442 οἷς
1068 3367 1104 3430 τί
