2340 3894
117 253 120 258 -
182 212 295 275 ΠΕΡΙ
313 210 412 274 ΤΩΝ
430 213 555 275 ΠΡΟΣ
573 213 893 285 ΑΛΣΕΑΝΔΡΟΝ.
956 215 1018 280 185
1119 239 1120 242 ’

50 387 125 453 τοῖς
134 378 357 459 δικαστηρίοις
367 370 532 460 άφιίντες,
545 375 642 460 ἕτερα
654 379 690 444 δὲ
705 386 892 465 παμπληθῆ
900 386 1018 447 τοιαύ-

11 487 46 540 13
53 498 96 541 τα
105 471 297 559 βιαζόμενοι
307 486 523 559 παρανομεῖν.
552 474 703 551 εἰκότως·
719 488 789 554 τοῖς
804 474 870 561 γάρ
889 500 1019 562 πεπρα-

53 573 156 642 κόσιν
167 569 307 650 ἑαυτούς
318 578 365 650 εἰς
380 569 539 640 τάναντίοι
550 586 618 650 τοῖς
628 581 668 660 τῇ
682 577 814 657 πατρίδι
825 576 1019 660 συμφέρου-

55 690 112 737 σιν
122 667 187 738 οὐκ
198 674 247 737 ἔνι
258 673 370 756 μέλειν
382 669 497 756 νόμων
508 667 584 739 οὐδ’
598 669 729 756 ὅρκων·
752 683 821 750 τοῖς
831 670 863 740 δ’
876 670 1020 759 ὀνόμασι

56 770 165 855 μόνον
181 766 297 837 αὐτῶν
314 767 546 855 άποχρύμενοι
556 768 828 855 παρακρούονται
836 769 916 849 τούς
932 795 1018 856 παρ-

57 870 166 956 ε’ργως
186 872 337 954 ἐνταυθὶ,
359 867 430 936 ἀλλ’
441 867 504 935 ούκ
515 871 724 948 ἐξεταστικῶς
734 864 1016 956 ἐκκλησιάζοντας,

54 973 113 1060 καί
128 974 324 1055 νομίζοντας
340 966 403 1054 τήν
425 975 612 1053 παραντίκα
630 965 772 1055 ἡσυχίαν
796 967 859 1039 ούκ
880 975 1022 1039 ἔσεσθαί

18 1065 126 1135 Ιλποά
140 1074 251 1136 αἰτίαν
261 1076 405 1153 ταραχῆς
416 1064 555 1134 ἀτόπου.
585 1067 712 1135 κελεύω
723 1065 755 1134 δ’
770 1075 889 1154 ἔγωγε,
905 1067 1019 1136 καθάυ-

57 1190 120 1251 περ
127 1164 259 1253 ἐνάρχῇ
265 1179 437 1252 προεῖπον,
450 1171 628 1232 πείθεσθαι
640 1166 769 1245 τούτοις
774 1182 842 1246 τοῖς
847 1169 1017 1253 φάσκουσι
1055 1156 1067 1185 '

57 1269 128 1334 δεῖν
138 1268 177 1332 ἐν
186 1281 259 1344 ταῖς
268 1280 397 1344 κοιναῖς
413 1263 604 1351 ὁμολογίαις
615 1268 768 1350 ἐμμένειν
774 1315 784 1350 ,
801 1272 832 1333 εἰ
846 1265 890 1352 μή
909 1269 1015 1334 έκεῖνο

57 1371 268 1451 νομίζουσιν,
282 1365 365 1434 ὅταν
381 1366 444 1451 μὲν
464 1367 606 1447 λέγωσιν
617 1362 662 1441 ῶς
672 1365 865 1447 ἐμμενετέον
874 1377 943 1441 τοῖς
953 1361 1016 1446 ὅρ-

56 1481 137 1549 κοις,
149 1461 193 1533 ού
204 1468 313 1549 λέγειν
324 1460 494 1541 αύτούςτό
507 1461 612 1547 μηδὲν
629 1458 831 1546 ἀδικεῖσθαι,
843 1457 967 1529 οὐδένα
981 1457 1013 1529 δ’
1139 1454 1150 1471 ’

57 1573 184 1632 οίονται
204 1564 431 1649 αἰσθήσεσθαι
457 1565 674 1643 τυραννίδων,
687 1556 761 1627 ἀντὶ
782 1563 1016 1646 δημοκρατιῶν

56 1663 312 1745 καθισταμένων
322 1663 377 1727 καί
387 1667 456 1727 τῶν
466 1666 642 1726 πολιτειῶν
650 1659 920 1744 καταλυομένων.

28 1771 52 1823 15
147 1756 194 1827 T&
208 1758 244 1826 δὲ
251 1759 589 1844 καταγελαστότατον·
601 1763 671 1825 ἔστι
680 1755 745 1842 γάρ
757 1760 794 1824 ἐν
800 1772 869 1835 ταῖς
880 1755 1016 1843 συνθή-

59 1883 132 1938 καις
141 1861 368 1942 ἐπιμελεῖσθαι
378 1857 457 1936 τούς
474 1857 738 1941 συνεδρεύοντας
751 1858 806 1924 καί
821 1853 900 1935 τούς
911 1857 964 1924 ἐπὶ
974 1862 1017 1941 τῇ

59 1963 157 2046 κοινῇ
167 1964 304 2044 φυλακῇ
313 1960 531 2042 τεταγμένους
541 1955 632 2035 ὅπως
643 1958 681 2024 ἐν
690 1969 760 2035 ταῖς
774 1951 1016 2032 κοινωνούσαις

58 2055 174 2125 πόλεσι
189 2061 248 2140 τῆς
266 2053 397 2140 εἰρήνης
413 2051 458 2141 μὴ
475 2061 654 2139 γίγνωνται
670 2055 815 2122 θάνατοι
834 2055 890 2121 καί
907 2053 1012 2139 φυγαί

58 2151 148 2238 παρὰ
159 2152 239 2230 τούς
250 2156 421 2237 κειμένους
431 2167 502 2230 ταῖς
513 2152 629 2220 πόλεσι
640 2153 775 2237 νόμους,
791 2151 873 2237 μηδὲ
883 2151 1012 2238 χρημά-

56 2278 124 2321 των
132 2251 319 2338 δημεύσεις,
337 2253 419 2337 μηδὲ
430 2249 696 2336 γήςάναδασμοί,
714 2249 797 2336 μηδὲ
807 2258 915 2336 χρεῶν
924 2247 1011 2317 άπο-

56 2353 166 2437 κοπαί,
192 2348 276 2435 μηδὲ
286 2350 420 2433 δούλων
429 2347 715 2433 ἀπελευθερώσεις
726 2349 778 2415 ἐπὶ
790 2355 1011 2435 νεωτερισμῷ.

56 2454 89 2517 οἰ
108 2450 146 2518 δὲ
162 2448 327 2516 τοσούτου
344 2449 460 2515 δέουσι
476 2443 605 2512 τούτων
631 2470 664 2512 τι
685 2443 831 2513 κωλύειν
855 2441 940 2510 ύστε
959 2446 1015 2511 καί

56 2544 438 2633 συγκατασκευάζουσιν,
457 2541 518 2621 οδς
533 2551 604 2622 πῶς
617 2539 659 2612 ού
672 2541 833 2632 προσήκει
844 2538 1021 2611 ἆπολωλέῶ

55 2673 127 2728 ναις
141 2651 178 2714 οἳ
184 2645 383 2732 τηλικαύτας
394 2639 571 2730 συμφορὰς
579 2641 887 2730 παρασκευάζουσιν
897 2641 934 2707 ίν
944 2653 1015 2720 ταῖς

56 2745 206 2831 πόλεσιν,
223 2741 263 2823 ἃς
279 2742 334 2812 διὰ
352 2741 389 2811 τὸ
407 2745 551 2830 μέγεθος
565 2738 678 2822 αὐτοῖς
692 2739 866 2831 τοσούτοις
876 2729 953 2807 ούσι
968 2738 1013 2826 μή
1023 2761 1078 2821 ηις

54 2844 394 2928 περιορᾶνίπέταξαν.

24 2955 49 3010 16
127 2938 200 3008 Ἔτι
209 2938 241 3008 δ’
250 2941 366 3026 ἕτερον
377 2945 471 3020 δείξω
481 2937 520 3010 τδ
529 2938 668 3019 λελυκὸς
677 2937 736 3018 τὰς
746 2938 928 3026 συνθήκας.
948 2943 1016 3007 ἔστι

53 3040 119 3124 γάρ
140 3042 371 3124 γεγραμμένον
389 3042 425 3106 ἐκ
445 3045 514 3106 τῶν
532 3039 664 3106 πόλεων
685 3045 754 3103 τῶν
774 3032 1014 3125 κοινωνουσῶν

55 3147 115 3224 τῆς
124 3139 260 3225 εἰρήνης
271 3135 315 3224 μὴ
328 3141 447 3217 ἐξεῖναι
458 3136 610 3223 φυγάδας
621 3133 831 3223 ὁρμήσαντας
841 3134 929 3204 ὅπλα
940 3138 1013 3202 ἐπι-

56 3236 236 3323 φέρειν-ἰπὶ
245 3237 378 3323 πολέμῳ
390 3242 534 3322 μηδεμιᾷ
550 3235 646 3305 πόλει
655 3241 724 3302 τῶν
734 3243 944 3321 μετεχουσῶν
954 3240 1014 3317 τῆς

55 3334 207 3422 εἰρήνης·
229 3339 261 3401 εί
269 3333 305 3402 δὲ
315 3332 371 3420 μή,
384 3336 571 3402 ἔκσπονδον
582 3328 739 3419 εἶναιτὴν
752 3333 862 3414 πάλιν,
874 3334 907 3412 ἐξ
917 3323 957 3417 ἧς
968 3326 1012 3399 άν

55 3431 266 3520 δρμηθῶσιν.
288 3429 378 3499 οὕτω
387 3437 506 3500 τοίνυν
516 3433 637 3521 ῥαδίως
647 3427 688 3499 τὰ
700 3427 788 3499 ὅπλα
797 3425 1012 3514 ἑπήνεγκενδ
