2340 3894
156 199 200 265 σι
375 203 421 260 ιι
452 175 873 264 mmmmm

159 383 222 446 περ
234 356 380 446 ἆκριβιός
391 359 517 448 εἰδότα,
540 358 631 446 ὅμως
647 364 876 448 ἐπαναμνῆσαι
892 363 1059 448 βούλομαι
1068 369 1120 442 τίς

160 457 327 538 δΦωκέας
336 465 451 539 πείσας
461 457 549 545 ὑμᾶς
560 461 615 527 καί
624 459 740 538 Πόλας
750 464 931 543 προέσθαι,
953 450 1121 545 ὧνκατα-

161 556 240 636 στδις
251 561 375 637 ἐκεῖνος
392 559 507 644 κόριος
523 567 581 643 τῆς
592 560 643 626 έπί
653 557 717 644 τὴν
730 556 880 645 Ἀττικὴν
897 556 982 626 ὁδοῦ
992 559 1120 645 καὶτῆς

161 662 208 735 εἰς
217 656 478 742 Πελοπόννησον
488 656 604 738 κύριος
614 660 742 741 γέγονε,
754 658 810 724 καί
822 653 966 742 πεποίηχ’
980 654 1061 741 ὑμῖν
1071 655 1117 742 μὴ

162 758 237 840 περὶ
247 763 316 821 τῶν
327 759 465 823 δικαίων
475 753 553 841 μηδ’
567 752 652 840 ὑπὲρ
668 764 737 822 τῶν
747 760 809 834 ἔξω
819 754 1023 841 πραγμάτων
1033 754 1119 823 εἰναι

160 855 224 975 την
239 851 383 941 βουλίην,
405 851 474 922 ἀλλ’
488 852 572 938 ὑπὲρ
589 862 658 921 τόν
677 857 714 920 έν
730 861 773 940 τῇ
781 854 875 941 χόρςι
892 854 947 920 καί
962 862 1024 920 τοῦ
1035 852 1122 938 πρὸς,

163 952 224 1039 την
232 950 381 1038 Ἀττικην
392 951 591 1039 πολέμου,“
571 980 608 1031 ος
618 953 759 1038 λυπήσει
776 956 837 1036 μὲν
854 954 1011 1037 ἕκαστον,
1028 954 1120 1018 έπει-

119 1050 503 1136 36δοὶνπαρῆ,νέγουεδ’
513 1054 550 1119 έν
560 1056 720 1138 ἐκείνη
681 1078 728 1170 τη
730 1049 845 1139 ἡμέρα
864 1056 894 1117 εἰ
903 1049 968 1144 ηδιρ
979 1048 1120 1137 μὴπαρ-

57 1196 59 1203 ›
164 1149 370 1236 εκρυόσθητε
389 1147 493 1218 τόδΗ
473 1165 577 1235 υμείς,
595 1145 728 1217 οόδδν’“
706 1176 749 1215 αν
759 1175 803 1234 ην
813 1176 854 1236 τη
842 1148 961 1216 πολει
971 1172 1118 1234 πραγμα

164 1275 241 1318 ουτε
250 1274 314 1334 γαρ
325 1270 425 1316 ναυσι
414 1249 544 1336 δηπου
555 1249 720 1335 κρατησας
731 1246 821 1326 εἰς
785 1274 849 1332 την
857 1240 1120 1369 Ἀττικηνηλδεν

164 1348 207 1416 όίν
218 1372 297 1415 ποτε
309 1349 415 1436 στόλῳ
427 1356 605 1434 Φίλιππος,
627 1346 705 1416 οὔτε
722 1371 761 1414 πε
764 1350 906 1434 ζῇβαδίζ
907 1372 953 1412 ων
965 1370 1050 1430 υπερ
1058 1372 1119 1424 τας

163 1444 279 1526 Πόλεις
288 1450 343 1515 καὶ
354 1452 506 1532 Φωκέας,
529 1445 598 1516 ἀλλ’
611 1443 635 1534 ἢ
650 1446 690 1514 τὰ
708 1443 803 1524 δίκαι’
816 1442 860 1512 όίν
877 1450 980 1513 ἐποίει
990 1447 1046 1514 καὶ
1056 1441 1119 1530 τὴν

164 1546 301 1632 εἰρήνην
321 1545 413 1630 ἄγων
433 1544 574 1631 ἡσυχίαν
595 1545 690 1631 εἶχεν,
712 1541 934 1632 ἦπαραχρῆρί
955 1539 999 1610 όίυ
1015 1537 1060 1630 ἦν
1082 1546 1119 1611 ἐν

86 1635 98 1644 ⁷
165 1643 268 1733 ὁμοίςο
290 1649 421 1735 πολέμῳ
444 1642 483 1712 δι’
508 1645 549 1713 δν
570 1646 643 1712 τότε
663 1653 721 1731 τῆς
743 1645 877 1731 εἰρήνης
896 1643 1119 1728 ἐπεθύμησεν.

122 1751 156 1807 37
165 1740 254 1811 ταῦτ’
268 1736 341 1830 οὖν,
353 1740 399 1821 ὥς
409 1743 471 1828 μέν
480 1742 689 1830 ὑπομνῆσαι,
712 1752 777 1811 νυν
789 1749 911 1820 ἰκανῶς
922 1752 1064 1827 εἰρηται,
1078 1737 1122 1819 ὡς

167 1839 198 1910 δ’
212 1839 255 1909 όίν
267 1847 453 1929 ἐξετασθείη
466 1839 591 1928 μάλιστ’
611 1841 766 1930 ἀκριβῶς,
779 1844 823 1930 μὴ
835 1847 981 1928 γένοιτο,
995 1833 1122 1908 &noiv-

165 1965 217 2018 τες
227 1947 318 2007 θεοί·
336 1939 459 2010 οὐδένα
472 1941 537 2027 γὰρ
553 1950 736 2029 βουλοίμην
748 1940 791 2010 όίν
803 1949 921 2029 ἔγωγε,
940 1938 1015 2010 οὐδ’
1030 1946 1060 2008 εἰ
1070 1945 1122 2008 δί-

158 2041 256 2115 ’καιός
267 2036 331 2105 ἐστ’
345 2037 562 2126 ἀπολωλέναι,
574 2040 654 2127 μετὰ
665 2050 727 2110 τοῦ
738 2043 874 2111 πάντων
892 2041 1056 2111 κινδύνου
1066 2043 1122 2109 καὶ

164 2144 221 2221 τῆς
232 2142 345 2223 ζημίας
355 2143 451 2226 δίκην
461 2137 629 2226 ὑποσχεῖν.

609 2503 666 2558 vn„

421 2630 543 2697 ΠΕΡΙ
559 2632 866 2700 ΑΛΟΝΝΗΣΟΥ.

530 2797 754 2856 ΥΠΟΘΕΣΙΣ.

166 2907 291 2997 οοτος“
280 2951 296 2989 ο
307 2920 391 3007 λόγος
403 2925 636 3010 ἐπιγράφεται
604 2954 658 3010 μεν
668 2932 734 3013 περὶ
740 2927 930 3013 Αλοννησου,
942 2929 1016 3014 ταχυ
1028 2926 1085 2996 δὲ’
1049 2958 1122 3042 ορ·
1108 2940 1160 2997 -75

162 3011 289 3096 θότερον
300 3011 494 3119 έπιγριὶφειν“
496 3012 572 3122 πρὸς
583 3012 638 3099 τὴν
649 3015 845 3101 ἐπιστολὴν
813 3047 868 3102 την
880 3015 1058 3085 Φιλίππουρ
1069 3025 1122 3086 πέ-

163 3122 263 3179 πομφε
283 3092 341 3182 γὰρ
356 3097 435 3200 πρὸς
455 3126 523 3187 τους
557 3095 733 3184 Ἀθηναίους
748 3100 938 3212 ἕπιστολην
950 3106 1035 3210 περὶ
1048 3113 1121 3169 πολ-

165 3190 225 3249 λων
246 3180 503 3286 διαλεγόμενος,
484 3211 526 3249 ων
548 3187 650 3250 ἕνέστι
661 3182 755 3250 καί
728 3213 760 3250 το
783 3214 857 3252 κατα
868 3215 922 3292 την
929 3186 1121 3291 Ἁλόννησον,

163 3294 227 3350 ητις
239 3292 277 3349 ην
288 3265 391 3348 μὲν
351 3293 409 3330 των
417 3262 617 3372 Ἀθηναίων’
599 3278 722 3354 αρχαῖον
734 3277 838 3376 κτῆμα,
852 3298 926 3335 κατα
914 3266 970 3335 δὲ
980 3266 1087 3377 τοὺς
1066 3281 1122 3337 Φι-

165 3354 272 3415 λίππου
284 3344 406 3454 καιροὺς
416 3346 475 3415 ὑπὸ
488 3358 602 3456 ληστῶν
611 3351 811 3457 κατείχετο,
775 3380 826 3431 ους
838 3350 997 3459 ἕκβαλωνὸ
1014 3360 1057 3419 Φί
1056 3351 1122 3421 λιιι·

163 3457 217 3511 νιος
229 3428 386 3499 ιἰπαιτοῦσι
395 3435 450 3517 μὲν
459 3444 520 3512 τοῖς
528 3430 697 3519 Ἀθηναίοις
706 3463 762 3519 την
772 3445 864 3522 νησον
874 3433 929 3504 οὐκ
939 3434 1124 3507 ἀποδίδωσιν
