2340 3894
146 196 189 263 δί)
375 200 410 258 V.
429 190 555 256 Δ-ΗΜ
558 191 742 255 ozam
748 191 854 253 0122

118 385 139 441 4
227 354 384 445 Ἀκριβνῖς
395 355 426 425 δ’
441 353 569 438 εἰδὼς,
559 345 586 421 ά
597 352 717 439 ἄνδρες
729 350 918 440 Ἀθηναῖοι,
936 347 974 419 τὸ
989 350 1103 435 λέγειν

144 449 271 545 περὶ
243 483 293 525 ων
313 454 415 536 αὐτός
436 454 507 523 εἶπέ
523 480 571 533 τις
587 455 642 522 καὶ
660 451 793 537 περὶ*
752 460 858 522 αντοῦ
869 478 938 573 παρ
934 449 1039 537 ’ύμῖν
1050 447 1103 525 ἀεὶ

143 564 214 626 τῶν
234 553 327 624 πάνυ
349 554 616 624 λυσιτελούντων
636 567 706 632 τοῖς
725 559 894 640 τολμῶσιν
914 547 972 638 όν,
995 547 1102 671 οὕτως

144 655 290 778 ήγούμαι
310 654 474 776 φορτικόν
494 655 550 721 καὶ
569 651 757 739 ἐπαχθδς”
729 671 813 720 ωστε
831 678 984 739 αναγκην
994 641 1104 718 ουσαν

145 753 236 876 ὁρωυ
252 753 343 841 ὅμως
359 751 506 821 α’ποκνιό.
540 757 661 838 υομιῖω
679 750 747 818 δ”
724 777 864 838 αμεινον
874 778 917 819 αν
928 777 1016 836 υμας
1026 754 1102 834 περι
1112 762 1147 816 58

146 844 275 920 οἷν-νύν
285 853 352 937 ἰρω
361 864 483 937 κρῖναι,
497 849 598 937 μικρά
615 859 683 918 των
697 848 862 936 πρότερόν
877 872 958 916 ποτε
975 851 1103 936 ῥηθέν-

120 971 213 1020 5των
234 948 281 1020 ύπ
280 948 392 1037 ’ἐμοῦ
408 949 716 1044 μνημονεύσαντας.
749 947 814 1036 ἐγω
837 950 914 1035 γάρ,
937 974 964 1016 ω
952 940 1104 1030 ἄνδρες
1130 1016 1132 1020 .

141 1048 329 1136 Ἀθηναῖοι,
347 1074 482 1169 πρωτον
500 1048 560 1135 μὲν
540 1046 665 1136 ν,ήνι’κ
669 1046 829 1118 ἔπειθον
839 1076 925 1128 τινες
936 1074 1024 1135 υμας
1034 1074 1103 1114 των
1130 1102 1134 1111 .

145 1147 327 1239 ένΕύβοίηι
338 1148 542 1234 πραγμάτων
559 1151 812 1234 ταραττομένων
827 1157 969 1235 βοηθεῖν
986 1154 1103 1215 Πλου-

144 1246 252 1336 τάρχῳ
273 1249 339 1316 καὶ
351 1249 500 1334 πόλεμον
520 1247 642 1328 ἄδοξον
664 1250 719 1315 καὶ
736 1247 1101 1369 δαπανηρόνάρασθαι,

145 1369 276 1429 πρωτος
292 1348 348 1413 και
365 1348 468 1432 μόνος
485 1345 667 1432 παρελθόν
684 1347 841 1416 άντεῑπον
858 1350 914 1417 καὶ
929 1347 1038 1433 μόνον
1059 1343 1101 1414 ού

146 1445 356 1531 διεσπάσθην
373 1444 438 1514 ὑπό
457 1455 527 1514 τῶν
544 1450 596 1515 ἐπὶ
613 1461 742 1535 μικροῖς
759 1447 906 1533 λήμμασι
924 1442 1031 1513 πολλά
1049 1445 1104 1512 καί

145 1545 273 1631 μεγάλα
284 1543 370 1630 ὑμᾶς
381 1543 798 1632 άμαρτάνεινπεισάντων·
816 1543 1009 1631 καίχρόνου
1018 1551 1104 1630 βρα-

144 1646 218 1729 χέος
235 1643 445 1725 διελθόντος,
468 1642 549 1730 μετά
566 1653 628 1713 τοῦ
645 1653 852 1732 προσοφλεῖν
868 1643 1033 1728 αἰσχύνην
1049 1641 1105 1710 καὶ

145 1753 269 1811 παθεῖν
278 1741 332 1812 οἷα
342 1751 412 1811 τοῖν
423 1743 531 1813 όντων
550 1743 743 1830 ἀνθρώπων
753 1743 889 1822 οὐδένες
899 1743 1033 1810 πώποτε
1045 1765 1104 1808 πε-

145 1841 317 1912 πόνθασιν
334 1839 402 1910 ύπό
420 1843 551 1911 τούτων
569 1841 619 1922 οἷς
642 1843 850 1930 ἐβοήθησαν,
872 1843 994 1921 πάντες
1010 1837 1105 1927 ὑμεῖς

146 1943 267 2023 ἔγνωτε
283 1939 345 2025 τήν
361 1967 397 2008 τε
414 1949 483 2008 των
499 1942 574 2010 τότε
590 1944 694 2009 ταῦτα
711 1942 899 2010 πεισάντων
916 1947 1039 2009 κακίαν
1049 1941 1105 2008 καὶ

120 2033 185 2106 6τά
195 2037 346 2123 βέλτιστα
358 2039 511 2126 εἰρηκότα
522 2042 587 2126 ἐμέ.
599 2042 831 2126 πάλιντοίνυν,
840 2033 867 2108 οἷ
873 2040 993 2126 ἄνδρες
1001 2037 1103 2126 Ἀθη-

144 2148 243 2222 υαῖοι,
251 2136 396 2206 κατιδων
402 2139 639 2227 Νεοπτόλεμον
649 2138 710 2208 τόν
721 2139 905 2226 ὑποκριτήν
914 2147 962 2226 τῷ
973 2139 1036 2226 μὲν
1046 2147 1105 2226 τής

144 2235 259 2322 τέχνης
276 2237 483 2324 προσχήματι
499 2238 691 2326 τυγχάνοντ’
704 2238 831 2327 ἀδείας,
852 2239 939 2308 κακά
957 2238 989 2307 δ’
1005 2243 1106 2325 ἔργα·

146 2335 286 2423 ζόμενον
300 2337 341 2404 τά
358 2338 573 2426 μέγιστατήν
589 2340 691 2409 πόλιν
706 2342 761 2408 καὶ
771 2341 812 2408 τά
823 2335 898 2423 παρ’
913 2335 1010 2424 ὑμῶν
1021 2343 1107 2406 διοι-

147 2444 274 2506 κούντα
286 2445 438 2528 Φιλίππῳ
455 2441 511 2508 καὶ
528 2439 798 2525 πρυτανεύοντα,
816 2435 998 2526 παρελθόν
1009 2435 1106 2505 εἶπον

120 2542 193 2616 τοίς
202 2534 299 2624 ὑμᾶς,
311 2537 468 2624 οὐδεμιᾶς
478 2545 562 2617 ἰδίας
574 2535 640 2625 οὔτ’
655 2544 776 2624 ἔχθρας
788 2537 866 2606 ούτε
877 2541 1106 2622 συκοφαντίας

145 2634 271 2719 ἕνεκεν,
281 2632 324 2712 ὡς
336 2638 371 2703 ἐκ
382 2643 450 2703 τῶν
457 2635 541 2722 μετά
553 2644 658 2705 ταῦτα
668 2644 776 2723 ἔργων
785 2641 903 2723 γέγονε
912 2641 1026 2723 δήλου.
1046 2637 1106 2702 καὶ

143 2730 248 2801 οὐκέτ’
263 2737 300 2801 ἐν
317 2733 448 2814 τούτοις
464 2735 656 2820 αἰτιάσομαι
672 2737 751 2815 τούς
767 2733 852 2821 ὑπὲρ
864 2737 1106 2818 Νεοπτολέμου

142 2931 179 2997 ἐν
188 2930 361 2999 Διονύσου
372 2931 564 3021 τραγῳδούς
575 2936 780 3020 ἐθεάσασθε,
792 2933 875 3003 άλλά
887 2930 931 3020 μή
944 2934 1020 3013 περὶ
1035 2948 1104 2999 σω-

141 3035 254 3114 τηρίας
272 3030 327 3097 καὶ
339 3039 465 3100 κοινῶν
481 3032 685 3120 πραγμάτων
695 3027 740 3156 ήν
753 3031 770 3102 ὁ
782 3033 897 3119 λόγος,
909 3029 972 3098 ούκ
984 3027 1030 3098 όν
1040 3028 1106 3098 ού-

142 3150 206 3206 τως
216 3150 277 3194 ουτ
275 3123 427 3197 ἐκείνου
437 3132 633 3219 προςχαριν
644 3158 705 3202 ουτ
704 3130 808 3221 ’ἐμοῦ
824 3157 908 3220 προς
919 3129 1103 3215 απίχθειαν

115 3223 315 3348 θήκούσατε.
348 3235 455 3298 καίτοι
474 3231 575 3299 τοῦτό
596 3230 623 3318 γ’
644 3229 732 3318 ὑμᾶς
753 3229 843 3318 οἶμαι
864 3238 931 3298 νύν
944 3253 1103 3306 απαντας

142 3321 386 3415 ήσθήσθαι,ὅτι
396 3312 520 3414 τήντότ
520 3327 651 3415 ’ἄφιξιν
662 3330 976 3422 εἰςτούςπολεμίους
986 3328 1103 3414 ἐποιή-

142 3448 222 3496 σατο
234 3425 318 3513 ύπδρ
329 3434 391 3495 τοῦ
401 3419 632 3516 τάκεῖχρήματ
630 3427 872 3536 ’όφειλόμενα,Ι
885 3425 1024 3515 άςίφη,
1040 3455 1102 3498 κο·
1114 3444 1148 3499 59
