2340 3894
134 207 203 251 oxu
458 180 804 275 musxoasrrouun.

216 358 292 413 Dixit
317 356 354 412 de
381 357 426 414 his
451 355 624 411 orationibus
652 356 734 410 etiam
758 352 903 410 Chntonus
928 353 1004 407 Fosi.
1029 355 1086 409 voi.
1111 360 1137 412 2

131 438 161 515 ρ’
178 442 240 500 bbd
257 440 347 510 (438.)
360 456 404 512 sq.
418 441 481 512 Jure
496 445 656 509 suspectam
670 437 777 493 habens
793 437 947 491 orationem
962 422 1138 510 11111ρρηῶ-

131 540 203 601 ρων,
218 539 290 594 quae
307 529 456 594 corruptae
472 520 548 592 apud
569 520 684 579 Suidam
706 539 729 576 s
745 537 774 576 v.
793 537 855 594 αμα
872 519 1026 597 scripturae
1042 519 1138 576 deberi

128 606 256 672 videtur,
278 605 325 676 qui
346 608 425 662 solus
444 620 508 659 eom
529 609 674 659 memorat.
718 603 800 671 Quod
821 620 839 658 a
859 601 1016 674 biographo
1039 601 1138 658 decem

132 696 274 745 oratorum
295 704 324 760 p
339 687 440 748 847E.
457 675 538 761 teror
556 675 771 770 Δημοσθένης
791 675 909 760 γνήσιοι
930 675 968 754 ξε’
989 675 1137 760 φέρεσθαι

131 771 262 829 dicuntur
282 773 337 825 et
331 788 359 826 m
381 772 514 826 laterculo
529 768 644 825 scholiis
657 761 871 841 Aeschineisp.
887 773 929 836 44,
946 774 991 826 Di.
1006 770 1083 824 illato
1102 772 1139 824 ie·

130 844 410 927 ςίὶιπΔημοσθὲνης
422 843 527 927 λόγους
541 842 595 924 ool,
611 854 678 908 nulli
692 853 755 908 usui
768 859 818 922 est,
835 869 919 924 quum
935 867 969 906 ne
984 853 1063 924 prior
1079 853 1138 922 qui·

131 936 198 993 dem
218 953 366 1008 numerus,
389 935 413 992 si
435 935 575 992 orationes
598 937 737 1008 getninae
752 937 830 991 solae
844 941 1038 1004 numerentur,
1052 951 1137 994 verus

130 1036 198 1077 ‘esso
212 1021 318 1092 possit,
341 1019 445 1075 nedum
460 1019 528 1076 aiter
544 1019 590 1073 ille
605 1008 661 1090 ooc',
682 1018 729 1088 qui
750 1020 869 1074 tortasse
883 1023 1032 1090 corruptus
1050 1023 1138 1072 estut

130 1103 179 1159 aiii
192 1102 275 1174 hujus
293 1102 422 1158 laterculi
434 1102 550 1158 numeri.
617 1116 619 1121 ’

215 1187 329 1240 Praeter
350 1183 601 1241 orationesedites
615 1184 832 1248 Demosthenem
852 1185 923 1240 alias
944 1201 1002 1240 non
1021 1199 1136 1256 paucas,

131 1267 297 1339 praesertim
313 1270 342 1324 in
357 1269 494 1325 concione
508 1268 614 1339 popuii,
630 1267 780 1335 habuisse,
796 1282 868 1338 quae
889 1267 1031 1339 nunquam
1046 1267 1137 1323 editae

132 1351 220 1421 tuisse
234 1351 382 1421 videntur,
400 1367 437 1406 ex
453 1350 578 1423 pluribus
595 1350 731 1407 editarum
746 1350 815 1407 locis
831 1358 956 1422 apparet,
975 1352 1051 1405 velut
1064 1341 1137 1423 qua‘e

131 1434 162 1489 iu
176 1434 382 1490 Messeniorum
398 1435 550 1505 concione,
574 1440 622 1488 aut
634 1439 699 1505 post
714 1440 822 1506 captam
837 1434 962 1490 Elateam
983 1433 1092 1491 dixisse
1107 1450 1137 1488 se

132 1525 269 1572 memoret
298 1519 326 1573 in
350 1519 475 1572 oratione
497 1516 653 1588 Philippica
679 1516 806 1572 secunda
824 1520 851 1582 s.
870 1523 914 1575 Do.
937 1532 1016 1589 seqq.
1039 1522 1066 1572 et
1086 1530 1136 1589 pro

132 1615 240 1656 corona
254 1606 280 1668 s.
297 1603 356 1659 174.
374 1615 452 1671 seqq.
479 1597 538 1654 Nee
554 1592 942 1678 quodkcontraAieimachum
958 1602 986 1654 in
1002 1601 1136 1656 concione

133 1681 241 1739 dixisse
257 1680 473 1739 Demosthenem
489 1696 524 1736 ex
538 1680 712 1737 Anaximene
731 1682 875 1740 annotavit
895 1683 1080 1755 Harpocratio
1101 1682 1137 1738 ad

132 1765 288 1822 orationem
302 1765 406 1820 editam
422 1777 551 1837 spectare
567 1762 686 1819 videtur.

217 1849 296 1916 Quae
316 1848 485 1903 orationibus
505 1847 700 1902 Demosthenis
715 1846 842 1919 adjectae
861 1849 889 1902 in
910 1848 1056 1904 codicibus
1075 1852 1138 1904 sunt

132 1928 274 2001 Epistulae
288 1945 338 1984 sex
354 1946 410 1985 non
426 1930 543 2001 scriptas
557 1932 592 1986 ab
607 1929 795 2002 Demosthene
810 1946 874 1987 esse
890 1930 974 1986 hodie
992 1928 1056 1987 tere
1072 1947 1137 1988 cou-

132 2011 254 2067 sentiunt
270 2012 324 2067 viri
340 2011 421 2067 docti.
454 2010 525 2068 Sunt
546 2017 639 2068 tamen
661 2014 832 2082 antiquiores
848 2028 930 2085 quam
945 2015 1017 2070 aliae
1036 2015 1136 2087 episto·

132 2094 177 2149 iae
191 2096 334 2166 plurimae,
346 2094 408 2150 aliis
424 2096 607 2167 scriptoribus
622 2096 762 2153 veteribus
777 2098 946 2170 suppositae.
974 2098 1028 2151 Pro
1041 2098 1136 2169 genui·

132 2176 178 2233 nis
197 2177 354 2234 habuerunt
373 2176 571 2252 harpocratio,
593 2174 800 2252 Hermogenes,
822 2181 924 2251 aliique
949 2186 978 2234 et
1009 2179 1135 2236 rhetores

134 2265 161 2315 et
176 2262 350 2334 grammatici
362 2267 389 2316 et
404 2262 477 2345 inter
491 2263 603 2320 Latinos
621 2261 717 2320 Cicero
727 2263 810 2320 Brut.
824 2280 849 2319 c.
864 2267 906 2322 81.
922 2263 996 2319 Orat
1014 2279 1039 2318 c.
1052 2268 1080 2322 4.
