2340 3894
220 167 343 291 Περι
364 192 472 257 τετε
487 194 948 265 νεεΛνΡιιΣενιΑΣ.
989 200 1053 270 ινο

97 359 266 429 άσυνείπε
275 361 499 446 μὲνΑίσχίνης
509 355 633 444 οὑτοσί,
643 362 765 443 ἰγραυε
774 359 802 428 δ’
811 357 959 430 ὁτούτου
968 385 1052 433 σνν-

97 458 195 544 εργὺς
213 458 434 543 Φιλοκράτης·
457 457 513 524 καί
528 465 731 537 κρατοῦντος
746 461 830 543 ἐμοῦ
849 459 911 545 τήν
932 467 1051 544 προτέ-

95 584 162 645 ραν
183 555 322 644 ἡμέραν,
344 557 399 625 καὶ
417 554 610 639 πεπεικότος
626 553 713 642 ὑμᾶς
727 555 765 625 τὺ
783 567 851 625 τεόν
867 561 1050 646 συμμάχων

95 658 204 742 δόγμα
221 662 373 741 κυρῶσαι
392 653 448 721 καί
469 655 605 720 καλέσαι
625 651 704 733 τοὺς
725 657 877 742 πρέσβεις
893 655 973 736 τούς
989 665 1049 726 τού

94 762 276 836 Φιλίππου,
288 751 472 835 ἐκκρούσας
483 741 580 829 οὗτος
591 757 638 829 εἰς
648 751 709 838 τήν
725 750 904 838 ὑστεραίαν
912 753 975 841 τήν
986 764 1049 825 Φι-

93 852 278 936 λοκράτους
288 849 425 935 γνάμην
435 854 565 931 ἔπεισεν
575 851 719 937 ἑλέσθαι,
733 855 769 919 έν
777 844 800 940 ᾗ
809 855 865 920 καὶ
875 861 980 922 ταῦτα
993 856 1049 923 καί

47 961 85 1015 45
94 948 203 1020 πολλοὶ
215 947 283 1017 ἄλλ’
298 954 345 1016 έτι
356 948 489 1015 τούτων
498 947 671 1033 δεινότερά
680 952 749 1017 ἐστι
760 955 979 1037 γεγραμμένα.
1007 961 1049 1040 τῇ

94 1048 156 1136 μέν
168 1046 209 1132 δή
227 1043 321 1115 πόλει
336 1054 441 1113 ταῦτα
457 1050 568 1133 ἐκρής
586 1047 718 1135 εἰρήνης
732 1054 888 1135 γέγονεν,
912 1044 961 1118 τόν
972 1049 1047 1120 οὐδ’
1057 1062 1110 1120 380

94 1144 207 1232 εὑρείν
224 1151 337 1230 αἰσχίω
354 1145 487 1232 ῥᾴδιον·
508 1158 577 1222 τοῖς
596 1145 632 1212 δέ
648 1148 806 1231 πρέσβεσι
825 1155 859 1216 τί
866 1163 934 1229 τοῖς
944 1157 1049 1217 ταῦτα

95 1244 276 1330 πράξασιν;
302 1243 343 1312 τά
361 1242 423 1329 μὲν
441 1242 525 1311 ἄλλα
541 1250 655 1310 σιωπῶ
674 1242 787 1332 πάνθ’,
808 1244 870 1313 όσα
891 1245 1045 1331 ἑοράκαθ’

94 1344 197 1432 ὑμεῖς,
210 1350 331 1427 οἰκίας,
350 1343 449 1426 ξύλα,
461 1339 605 1426 πνροὺς,
619 1339 686 1409 ἀλλ’
698 1345 737 1410 έν
746 1351 787 1430 τῇ
796 1351 865 1411 τῶν
875 1341 1049 1412 ἀπολωλό-

92 1470 163 1512 των
178 1442 363 1529 συμμάχων
377 1442 469 1528 χάρη
485 1440 632 1526 κτήματα
649 1441 705 1507 καί
720 1448 876 1526 γεωργίαι
892 1449 1047 1528 παμπλη-

92 1549 177 1627 θείς,
185 1540 382 1625 Φιλοκράτει
393 1539 455 1625 μὲν
464 1539 630 1606 τάλαντον
639 1543 773 1623 ἔχουσαι
782 1538 1048 1623 πρόσοδονπού-

46 1661 138 1730 κδτω
151 1640 183 1708 δ’
195 1647 334 1726 Αἰσχίνῃ
344 1638 523 1723 τριάκοντα
538 1645 632 1723 μναῖς.
659 1643 766 1704 καίτοι
783 1643 853 1714 πεός
869 1634 910 1704 ού
922 1635 1045 1724 δεινόν,
1128 1718 1132 1722 ¹

92 1735 253 1826 άάνόρες
269 1737 451 1824 Ἀθηναῖοι,
473 1736 699 1820 καί“σχέτλιον
713 1733 773 1812 τάς
790 1741 859 1802 τῶν
876 1730 1048 1820 ὑμετέρων
1062 1784 1066 1789 -

91 1839 277 1924 συμμάχων
301 1832 477 1922 συμφοράς
504 1833 691 1920 προσόδους
711 1846 779 1911 τοῖς
802 1835 958 1920 πρέσβεσι
979 1847 1047 1913 τοίς

93 1933 264 2021 ὑμετέροις
279 1941 497 2020 γεγενῆσθαι,
519 1935 575 1999 καί
592 1935 654 2018 τήν
671 1929 777 2017 αὑτήν
788 1932 926 2019 εἰρήνην
934 1942 977 2020 τῇ
986 1934 1047 2020 μέν

93 2035 288 2120 ἐκπεμψάσῃ
298 2037 393 2101 πόλει
403 2039 471 2099 τεόν
482 2031 543 2117 μέν
555 2030 736 2116 συμμάχων
752 2029 914 2118 όλεὺρον,
932 2038 1000 2099 τῶν
1010 2034 1047 2100 δέ

92 2131 271 2219 κτημάτων
292 2129 495 2214 ἀπόστασιν,
517 2125 592 2196 άντί
609 2127 646 2196 ὑὲ
666 2128 765 2214 όόξης.
777 2129 938 2215 αἰσχύνην
952 2156 1047 2217 γεγε-

92 2239 235 2317 νῆσθαι,
256 2235 324 2295 των
343 2228 379 2295 δὲ
398 2229 569 2312 πρέσβεων
580 2240 648 2304 τοίς
659 2225 742 2293 κατά
758 2234 817 2313 τής
827 2226 954 2306 πόλεως
964 2236 1046 2295 ταῦ-

91 2355 133 2396 τα
145 2327 287 2412 πράξασι
298 2324 504 2409 προσόδους,
526 2321 700 2409 εὐπορίας,
720 2324 885 2410 κτήματα,
899 2332 1045 2416 πλούτου

92 2424 168 2492 ἀντὶ
195 2433 263 2493 τῶν
290 2423 436 2509 ἐσχάτων
463 2420 615 2507 άποριοόν
641 2421 834 2506 εἰργάσθαις
867 2419 952 2489 άλλά
979 2421 1046 2509 μήν
1141 2428 1145 2437 “

92 2523 145 2592 ότι
154 2523 246 2592 ταῦτ’
261 2521 373 2610 άληθή
383 2525 478 2608 λέγω,
489 2521 584 2589 κάλει
594 2545 651 2605 μοι
660 2518 739 2598 τοὺς
751 2517 949 2600 Ὀλυνθίους
959 2520 1046 2606 μάρ-

90 2648 200 2706 τυρας.
473 2643 477 2650 ’

434 2727 685 2832 Mamm.

46 2922 79 2978 47
179 2905 232 2974 Οὐ
241 2914 357 2975 τοίνυν
367 2908 573 2995 θαυμάσαιμ’
578 2905 622 2977 άν
634 2913 665 2978 εἰ
673 2909 728 2976 καί
738 2905 871 2975 τοιοῦτό
879 2932 911 2974 τι
923 2906 1046 2992 τολμή-

90 3027 142 3075 σει
153 3010 277 3089 λέγειν,
296 3001 342 3082 ὑς
351 3003 413 3071 οὐκ
424 2999 468 3090 ήν
485 3004 592 3091 καλήν
606 3003 679 3072 οὐδ’
694 3008 769 3071 οἵαν
780 3002 896 3090 ἠξίουν
908 3002 971 3089 ἐγώ
983 3001 1046 3089 τήν

91 3104 229 3190 εἰρήνην
239 3101 443 3188 ποιήσασθαι
453 3111 564 3180 κακῶς
575 3111 620 3192 τῷ
632 3104 764 3190 πολέμῳ
774 3109 821 3168 τό
824 3128 843 3168 ν
853 3109 1046 3186 στρατηγεῖν

92 3207 312 3288 κεχρημένων.
336 3195 379 3267 άν
391 3197 430 3286 δή
442 3206 546 3266 ταύτα
557 3202 652 3287 λέγη,
671 3197 755 3284 πρός
765 3206 859 3267 θεάν
869 3192 1042 3282 ἐρωτήσατ’

93 3298 198 3369 αὐτόν
225 3303 443 3386 μεμνημένοι,
471 3297 613 3383 πότερον
642 3300 675 3378 ἐξ
701 3299 812 3384 ἑτέρας
831 3294 923 3375 τινός
943 3294 1044 3384 ᾤχετο

92 3401 291 3485 πρεσβεύων
300 3393 459 3483 πόλεωςή
470 3397 591 3483 ταύτης
602 3393 712 3483 αὑτής.
736 3401 767 3465 εἰ
776 3391 912 3481 μὲνγὰρ
928 3397 961 3475 ἐξ
975 3396 1058 3467 έτέτ·
