2340 3894
148 187 212 253 11⁰
379 189 426 247 οι.
455 182 876 282 ΔΗαοΣοαΝυυῑ

148 346 541 436 χουχειροτονησάντων,
561 340 621 411 τὸν
639 340 669 410 θ’
686 340 931 431 Ἀπολλωνίδην
940 345 1106 432 ἐκβαλόν-

103 471 224 528 ςττωυ.
259 451 367 530 μωρία
378 445 433 512 καὶ
443 451 541 512 κακίαι
552 439 592 510 τά
603 449 740 510 τοιαῦτα
751 437 905 526 ἐλπίζειν,
926 444 983 511 καὶ
993 453 1107 521 κακῶς

147 545 414 632 βουλευομένους
423 544 479 609 καὶ
489 539 591 628 μηδὲν
607 533 825 628 ὦνπροσήκει
842 556 949 610 ποιελν
964 545 1108 610 ἐθέλον-

148 659 222 728 τας,
243 639 327 708 άλλά
343 637 506 719 τιῖνύπέρ
517 646 584 706 τῶν
603 641 735 726 ἐχθρῶν
750 639 916 725 λεγόντων
933 637 1106 727 άκροωμέ-

149 767 247 826 νονς,
268 739 469 827 τηλικαύτην
489 734 645 824 ἡγεῖσθαι
660 737 762 806 πάλιν
779 744 881 806 οἰκεῖν
902 737 941 806 τὸ
960 741 1107 824 μέγεθος

104 838 236 914 ὀδύστε
247 839 328 924 μηδὲ
329 867 368 921 ν,
390 835 467 926 μηθ’
481 829 1016 924 άνὸτιούνή,·θεινόντιει’σεσθαι.
1048 837 1106 904 καὶ

44 948 47 956 ’
153 933 792 1061 666666666766666666666666606
802 962 817 1004 ε
819 934 1108 1023 έπετνσυμβάντος

154 1037 246 1114 τινός
263 1032 334 1113 “τι’ς
344 1033 408 1120 γὰρ
421 1029 464 1100 66
481 1031 692 1133 ρίήθηταύτα
705 1037 881 1119 γενέσθαι;
900 1033 941 1120 νή
952 1032 1013 1100 τὸν
1026 1038 1105 1116 Δία,

153 1130 289 1200 εδει
251 1158 317 1219 γαρ
325 1158 362 1201 το
353 1130 474 1200 καὶ
438 1157 476 1200 το
492 1137 628 1217 ποιήσαι
640 1129 742 1199 καλ
708 1157 745 1198 το
760 1129 863 1199 καὶ
829 1158 866 1247 τρ
880 1129 925 1216 μή
939 1129 1103 1214 ποιήσαι.”

151 1223 249 1295 πάλλ’
267 1251 312 1292 αν
323 1231 426 1293 ελπειν
437 1233 542 1311 ἔχοιεν
547 1224 720 1294 Ολννθιοι
730 1252 811 1310 νυν,
835 1222 926 1293 άτάτ
931 1225 983 1294 εἰ
991 1231 1107 1309 προεν

152 1330 262 1408 ύοντο,
270 1349 333 1392 ουκ
344 1319 388 1391 66
398 1322 587 1394 ἀπώλοντο·
599 1321 724 1393 πάλλ’”
702 1353 746 1392 αν
752 1323 904 1412 Ὠρεῖται,
913 1322 1019 1392 πολλα
1027 1331 1107 1392 Φω-

107 1436 230 1509 δοκεῖς,
242 1421 427 1492 πολλάτών
436 1420 811 1492 άπολωλότωνέκαστοιι
840 1421 924 1490 άλλνὶ
934 1429 970 1490 τί
975 1421 1104 1490 τούτων

152 1523 275 1610 ὄφελος
286 1522 413 1603 αύτοῐςς
426 1525 488 1603 ἕως
497 1521 690 1610 άνσάζηται
700 1521 737 1591 τό
750 1523 888 1608 σκάφος,
896 1521 938 1590 άν
948 1545 984 1588 τε
994 1526 1106 1606 μεῖζον

152 1622 195 1692 66
205 1621 234 1690 τ’
248 1614 418 1710 ἔλαττονή
426 1672 435 1706 ,
457 1621 530 1691 τότε
541 1621 602 1711 χρὴ
614 1623 807 1708 ααὶναύτην
822 1621 877 1689 καὶ
894 1619 1106 1707 κυβερνήτην

152 1724 208 1791 καὶ
217 1719 315 1792 πάντ’
315 1720 437 1844 άνδρα
448 1723 520 1808 έξής
530 1723 728 1809 προθύμους
739 1721 838 1806 εἶναι,
849 1721 905 1788 καὶ
916 1717 1007 1799 ὅπως
1017 1716 1102 1806 μήθ’

152 1819 239 1889 έκάν
249 1818 324 1906 μήτ’
331 1820 754 1907 άκωνμηδεῖςάνατρέιγει,
775 1829 873 1888 τοῦτο
890 1810 1090 1888 σκοπελσθαι

107 1917 334 1992 λοέπειθάνδὲ
342 1915 690 2044 ήθάλατταφπέρσχη,
702 1919 1025 2006 μάταιοςήσπουύή.
1048 1918 1107 1986 καὶ

150 2014 244 2104 ήμεϊς
264 2022 396 2101 τοίνυν,
429 2010 457 2085 6
480 2016 601 2106 α”νθρες
622 2017 861 2106 Ἀθηναῖοι,“
840 2045 903 2098 εως
925 2021 1026 2106 ἐσμὲν
1047 2024 1107 2111 σῷ,

150 2115 252 2185 πόλιν
273 2124 429 2213 μεγίστην
449 2122 593 2202 ἔχοντες,
616 2114 769 2203 ἀφορμάς
790 2126 957 2198 πλείστας,
969 2112 1107 2236 ρἰξίωμα

151 2215 437 2301 αάλλιστον,-τί
456 2223 619 2302 ποιοῖμενς
647 2217 749 2283 πάλαι
768 2242 817 2294 τις
836 2208 984 2342 ήθέρις”
962 2240 1006 2280 αν
1028 2221 1108 2294 ἴσως

152 2312 320 2400 ἐρωτήσας
345 2313 497 2400 κάθηται.
531 2313 596 2399 έγά
615 2312 656 2401 νή
674 2313 730 2383 Δί’
750 2316 830 2400 666,
852 2316 906 2382 καὶ
920 2313 1042 2399 γράψω
1059 2313 1106 2399 6,
1118 2321 1162 2377 16

47 2432 49 2436 ’
154 2411 234 2481 ὥστ’
256 2411 316 2482 ἐάν
338 2413 526 2501 βούλησθε,
555 2412 809 2501 χειροτονήσετε.
854 2413 950 2481 αύτοὶ
972 2421 1109 2540 πρῶτον

152 2509 422 2597 άμννόμενοιιιαὶ
433 2513 774 2598 παρασκευαζόμενοι,
794 2513 942 2632 τριήρεσι
959 2513 1015 2580 καὶ
1024 2510 1108 2597 χρή-

151 2629 232 2694 μασι
243 2612 298 2678 καὶ
306 2609 518 2694 στρατιωταις
526 2615 625 2701 λεγω
648 2611 749 2679 καὶ
711 2637 774 2695 γαρ
787 2636 832 2677 αν
842 2634 984 2688 απαντες
995 2609 1109 2696 θηπου

151 2706 326 2775 δουλεύειν
343 2708 602 2795 συγχωρήσωσιν
617 2693 652 2777 66
667 2705 822 2796 ἄλλοι,
801 2735 848 2795 ημ
850 2723 882 2776 ν
897 2734 918 2793 γ
922 2705 1033 2792 ’ὑπὲρ
1048 2714 1111 2791 τῆς

107 2826 143 2882 71
152 2807 343 2890 ἐλευθερίας
359 2803 575 2889 ἀγωνιστέον·
598 2815 701 2874 ταῦτα
721 2805 768 2895 66
779 2803 877 2873 πάντ’
891 2802 1110 2888 αύτοὶπαρα-

151 2901 396 2987 σκευασάμενοι
404 2905 459 2972 καὶ
467 2903 663 2990 ποιήσαντες
672 2905 875 2993 τοῖςἝλλησι
886 2902 1016 2992 φανερά
1027 2901 1108 2982 τούς

151 2999 274 3079 ἄλλους
284 2998 347 3086 ήδη
359 3012 619 3090 παρακαλῶμεν,
643 3008 698 3074 καὶ
709 3005 788 3084 τούς
798 3011 902 3072 ταῦτα
914 3003 1109 3083 διδάξοντας

151 3101 368 3187 ἐκπέμπωμεν
388 3105 540 3189 πρέσβεις
560 3117 734 3188 πανταχοῖ,
766 3109 811 3181 είς
832 3101 1106 3186 Πελοπόννησον,

151 3204 198 3280 εἰς
210 3195 338 3282 Ῥόδον,
361 3203 407 3278 εἰς
421 3206 520 3287 Χίον,
545 3199 589 3281 άς
604 3204 740 3290 βασιλέα
757 3209 843 3287 λέγω
855 3199 949 3286 (οὐδὲ
959 3198 1025 3285 γάρ
1037 3205 1109 3266 ταῖν

150 3300 265 3389 ἐκείνω
287 3297 529 3383 συμφερόντων
552 3299 716 3386 άφέστηκε
737 3298 774 3367 τὸ
798 3301 842 3387 μή
864 3307 985 3367 τοῦτον
1011 3300 1106 3364 ἐᾶσαι
1150 3352 1154 3361 ,

149 3398 258 3465 πάντα
270 3400 591 3486 καταστρέψασθαι),
613 3398 658 3468 ἵν’
673 3399 731 3468 ἐάν
742 3405 804 3486 μὲν
814 3407 962 3484 πείσητε,
982 3421 1103 3464 6666-
