<?xml version="1.0" encoding="UTF-8"?>
<!DOCTYPE html PUBLIC "-//W3C//DTD XHTML 1.0 Transitional//EN"
    "http://www.w3.org/TR/xhtml1/DTD/xhtml1-transitional.dtd">
<html xmlns="http://www.w3.org/1999/xhtml" xml:lang="en" lang="en">
 <head>
  <title>
</title>
<meta http-equiv="Content-Type" content="text/html;charset=utf-8" />
  <meta name='ocr-system' content='tesseract 3.04.00' />
  <meta name='ocr-capabilities' content='ocr_page ocr_carea ocr_par ocr_line ocrx_word'/>
</head>
<body>
  <div class='ocr_page' id='page_1' title='image "./orationesexrece03demogoog_0121.png"; bbox 0 0 2340 3894; ppageno 0'>
   <div class='ocr_carea' id='block_1_1' title="bbox 114 155 739 251">
    <p class='ocr_par' dir='ltr' id='par_1_1' title="bbox 114 155 739 251">
     <span class='ocr_line' id='line_1_1' title="bbox 114 155 739 251; baseline -0.014 -28"><span class='ocrx_word' id='word_1_1' title='bbox 114 179 168 223; x_wconf 79' lang='lat' dir='ltr'>uvi</span> <span class='ocrx_word' id='word_1_2' title='bbox 483 155 739 251; x_wconf 79' lang='lat' dir='ltr'>cuuouotoutu</span> 
     </span>
    </p>
   </div>
   <div class='ocr_carea' id='block_1_2' title="bbox 87 322 1126 2823">
    <p class='ocr_par' dir='ltr' id='par_1_2' title="bbox 87 322 1126 2823">
     <span class='ocr_line' id='line_1_2' title="bbox 111 322 1119 404; baseline -0.006 -19"><span class='ocrx_word' id='word_1_3' title='bbox 111 329 183 404; x_wconf 87' lang='lat' dir='ltr'>patri</span> <span class='ocrx_word' id='word_1_4' title='bbox 196 325 359 384; x_wconf 88' lang='lat' dir='ltr'>satellitibus</span> <span class='ocrx_word' id='word_1_5' title='bbox 371 323 478 381; x_wconf 77' lang='lat' dir='ltr'>archia</span> <span class='ocrx_word' id='word_1_6' title='bbox 493 324 566 381; x_wconf 86' lang='lat' dir='ltr'>duce</span> <span class='ocrx_word' id='word_1_7' title='bbox 577 323 712 396; x_wconf 79' lang='lat' dir='ltr'>indagati,</span> <span class='ocrx_word' id='word_1_8' title='bbox 729 329 758 378; x_wconf 91' lang='lat' dir='ltr'>ut</span> <span class='ocrx_word' id='word_1_9' title='bbox 764 323 939 394; x_wconf 87' lang='lat' dir='ltr'>supplicium</span> <span class='ocrx_word' id='word_1_10' title='bbox 952 324 989 378; x_wconf 90' lang='lat' dir='ltr'>ab</span> <span class='ocrx_word' id='word_1_11' title='bbox 999 322 1035 378; x_wconf 94' lang='lat' dir='ltr'>iis</span> <span class='ocrx_word' id='word_1_12' title='bbox 1051 329 1119 380; x_wconf 85' lang='lat' dir='ltr'>suut</span> 
     </span>
     <span class='ocr_line' id='line_1_3' title="bbox 109 406 1121 486; baseline -0.008 -17"><span class='ocrx_word' id='word_1_13' title='bbox 109 418 217 486; x_wconf 87' lang='lat' dir='ltr'>posset.</span> <span class='ocrx_word' id='word_1_14' title='bbox 233 411 291 465; x_wconf 88' lang='lat' dir='ltr'>Hoc</span> <span class='ocrx_word' id='word_1_15' title='bbox 301 417 384 483; x_wconf 89' lang='lat' dir='ltr'>pacto</span> <span class='ocrx_word' id='word_1_16' title='bbox 396 408 566 481; x_wconf 81' lang='lat' dir='ltr'>Hyperides,</span> <span class='ocrx_word' id='word_1_17' title='bbox 576 407 753 464; x_wconf 80' lang='lat' dir='ltr'><strong>Aristonicus</strong></span> <span class='ocrx_word' id='word_1_18' title='bbox 766 415 794 461; x_wconf 90' lang='lat' dir='ltr'>et</span> <span class='ocrx_word' id='word_1_19' title='bbox 804 406 1121 474; x_wconf 65' lang='lat' dir='ltr'>Himeraeus-Demetrii</span> 
     </span>
     <span class='ocr_line' id='line_1_4' title="bbox 110 487 1122 565; baseline -0.009 -12"><span class='ocrx_word' id='word_1_20' title='bbox 110 495 341 563; x_wconf 72' lang='lat' dir='ltr'>Phalereittrater,</span> <span class='ocrx_word' id='word_1_21' title='bbox 352 492 481 565; x_wconf 80' lang='lat' dir='ltr'>Aeginae</span> <span class='ocrx_word' id='word_1_22' title='bbox 492 494 523 549; x_wconf 73' lang='lat' dir='ltr'>ie</span> <span class='ocrx_word' id='word_1_23' title='bbox 532 490 733 563; x_wconf 74' lang='lat' dir='ltr'>temploheaci</span> <span class='ocrx_word' id='word_1_24' title='bbox 741 487 948 561; x_wconf 82' lang='lat' dir='ltr'>comprehensi,</span> <span class='ocrx_word' id='word_1_25' title='bbox 959 489 1082 547; x_wconf 81' lang='lat' dir='ltr'>Cleonas</span> <span class='ocrx_word' id='word_1_26' title='bbox 1087 489 1122 545; x_wconf 88' lang='lat' dir='ltr'>ad</span> 
     </span>
     <span class='ocr_line' id='line_1_5' title="bbox 110 568 1122 651; baseline -0.009 -15"><span class='ocrx_word' id='word_1_27' title='bbox 110 580 287 651; x_wconf 80' lang='lat' dir='ltr'>Antipatrum</span> <span class='ocrx_word' id='word_1_28' title='bbox 299 577 379 633; x_wconf 88' lang='lat' dir='ltr'>missi</span> <span class='ocrx_word' id='word_1_29' title='bbox 391 577 484 648; x_wconf 87' lang='lat' dir='ltr'>ibique</span> <span class='ocrx_word' id='word_1_30' title='bbox 495 575 631 631; x_wconf 86' lang='lat' dir='ltr'>interiecti</span> <span class='ocrx_word' id='word_1_31' title='bbox 640 573 713 631; x_wconf 87' lang='lat' dir='ltr'>sunt.</span> <span class='ocrx_word' id='word_1_32' title='bbox 735 572 939 629; x_wconf 76' lang='lat' dir='ltr'>Demosthenes</span> <span class='ocrx_word' id='word_1_33' title='bbox 950 589 1029 640; x_wconf 93' lang='lat' dir='ltr'>vero,</span> <span class='ocrx_word' id='word_1_34' title='bbox 1041 568 1122 645; x_wconf 86' lang='lat' dir='ltr'>quiin</span> 
     </span>
     <span class='ocr_line' id='line_1_6' title="bbox 110 656 1122 731; baseline -0.009 -11"><span class='ocrx_word' id='word_1_35' title='bbox 110 662 269 720; x_wconf 72' lang='lat' dir='ltr'>celantiam</span> <span class='ocrx_word' id='word_1_36' title='bbox 281 661 401 717; x_wconf 86' lang='lat' dir='ltr'>insulam</span> <span class='ocrx_word' id='word_1_37' title='bbox 409 661 528 731; x_wconf 81' lang='lat' dir='ltr'>fugerat,</span> <span class='ocrx_word' id='word_1_38' title='bbox 541 657 633 729; x_wconf 86' lang='lat' dir='ltr'>ibique</span> <span class='ocrx_word' id='word_1_39' title='bbox 642 658 680 714; x_wconf 91' lang='lat' dir='ltr'>ad</span> <span class='ocrx_word' id='word_1_40' title='bbox 690 673 769 714; x_wconf 86' lang='lat' dir='ltr'>aram</span> <span class='ocrx_word' id='word_1_41' title='bbox 777 659 807 713; x_wconf 89' lang='lat' dir='ltr'>in</span> <span class='ocrx_word' id='word_1_42' title='bbox 817 659 921 728; x_wconf 89' lang='lat' dir='ltr'>templo</span> <span class='ocrx_word' id='word_1_43' title='bbox 927 656 1050 727; x_wconf 90' lang='lat' dir='ltr'>Neptuni</span> <span class='ocrx_word' id='word_1_44' title='bbox 1060 673 1122 728; x_wconf 82' lang='lat' dir='ltr'>sup</span> 
     </span>
     <span class='ocr_line' id='line_1_7' title="bbox 110 740 1121 819; baseline -0.009 -17"><span class='ocrx_word' id='word_1_45' title='bbox 110 744 177 819; x_wconf 85' lang='lat' dir='ltr'>plex</span> <span class='ocrx_word' id='word_1_46' title='bbox 189 742 364 810; x_wconf 84' lang='lat' dir='ltr'>consederat,</span> <span class='ocrx_word' id='word_1_47' title='bbox 378 749 407 798; x_wconf 92' lang='lat' dir='ltr'>ut</span> <span class='ocrx_word' id='word_1_48' title='bbox 415 743 563 799; x_wconf 74' lang='lat' dir='ltr'>satellitum</span> <span class='ocrx_word' id='word_1_49' title='bbox 570 742 709 813; x_wconf 84' lang='lat' dir='ltr'>Antipatri</span> <span class='ocrx_word' id='word_1_50' title='bbox 718 740 910 798; x_wconf 88' lang='lat' dir='ltr'>crudelitatem</span> <span class='ocrx_word' id='word_1_51' title='bbox 917 743 953 796; x_wconf 87' lang='lat' dir='ltr'>ab</span> <span class='ocrx_word' id='word_1_52' title='bbox 961 756 993 796; x_wconf 91' lang='lat' dir='ltr'>se</span> <span class='ocrx_word' id='word_1_53' title='bbox 1004 746 1121 806; x_wconf 89' lang='lat' dir='ltr'>arceret,</span> 
     </span>
     <span class='ocr_line' id='line_1_8' title="bbox 111 822 1122 896; baseline -0.01 -10"><span class='ocrx_word' id='word_1_54' title='bbox 111 844 223 886; x_wconf 90' lang='lat' dir='ltr'>veneno</span> <span class='ocrx_word' id='word_1_55' title='bbox 238 827 340 883; x_wconf 89' lang='lat' dir='ltr'>hausto</span> <span class='ocrx_word' id='word_1_56' title='bbox 352 827 426 880; x_wconf 91' lang='lat' dir='ltr'>vitae</span> <span class='ocrx_word' id='word_1_57' title='bbox 439 842 508 883; x_wconf 87' lang='lat' dir='ltr'>suae</span> <span class='ocrx_word' id='word_1_58' title='bbox 522 825 607 880; x_wconf 83' lang='lat' dir='ltr'>linem</span> <span class='ocrx_word' id='word_1_59' title='bbox 623 825 685 896; x_wconf 90' lang='lat' dir='ltr'>ipse</span> <span class='ocrx_word' id='word_1_60' title='bbox 696 825 842 896; x_wconf 88' lang='lat' dir='ltr'>imposuit,</span> <span class='ocrx_word' id='word_1_61' title='bbox 854 824 1063 895; x_wconf 84' lang='lat' dir='ltr'>Pyanepsionis</span> <span class='ocrx_word' id='word_1_62' title='bbox 1077 822 1122 878; x_wconf 95' lang='lat' dir='ltr'>die</span> 
     </span>
     <span class='ocr_line' id='line_1_9' title="bbox 112 905 1121 982; baseline -0.009 -13"><span class='ocrx_word' id='word_1_63' title='bbox 112 913 223 969; x_wconf 86' lang='lat' dir='ltr'>decimu</span> <span class='ocrx_word' id='word_1_64' title='bbox 237 915 318 975; x_wconf 75' lang='lat' dir='ltr'>sexto</span> <span class='ocrx_word' id='word_1_65' title='bbox 325 912 351 977; x_wconf 79' lang='lat'>⁸)</span> <span class='ocrx_word' id='word_1_66' title='bbox 367 905 489 982; x_wconf 88' lang='lat' dir='ltr'>(olymp.</span> <span class='ocrx_word' id='word_1_67' title='bbox 500 913 561 975; x_wconf 77' lang='lat'>1143</span> <span class='ocrx_word' id='word_1_68' title='bbox 571 913 599 968; x_wconf 89' lang='grc'>3.</span> <span class='ocrx_word' id='word_1_69' title='bbox 611 910 659 980; x_wconf 89' lang='lat' dir='ltr'>qui</span> <span class='ocrx_word' id='word_1_70' title='bbox 671 907 823 980; x_wconf 89' lang='lat' dir='ltr'>respondet</span> <span class='ocrx_word' id='word_1_71' title='bbox 829 907 890 971; x_wconf 68' lang='lat' dir='ltr'>⁴diei</span> <span class='ocrx_word' id='word_1_72' title='bbox 902 906 1013 963; x_wconf 88' lang='lat' dir='ltr'>decimo</span> <span class='ocrx_word' id='word_1_73' title='bbox 1025 912 1121 976; x_wconf 89' lang='lat' dir='ltr'>quarto</span> 
     </span>
     <span class='ocr_line' id='line_1_10' title="bbox 110 991 1121 1064; baseline -0.009 -11"><span class='ocrx_word' id='word_1_74' title='bbox 110 994 239 1053; x_wconf 88' lang='lat' dir='ltr'>Octobris</span> <span class='ocrx_word' id='word_1_75' title='bbox 262 1009 288 1048; x_wconf 85' lang='lat' dir='ltr'>a.</span> <span class='ocrx_word' id='word_1_76' title='bbox 306 994 394 1060; x_wconf 66' lang='grc'><strong>399).</strong></span> <span class='ocrx_word' id='word_1_77' title='bbox 430 993 508 1060; x_wconf 80' lang='lat' dir='ltr'>Quae</span> <span class='ocrx_word' id='word_1_78' title='bbox 525 992 619 1048; x_wconf 90' lang='lat' dir='ltr'>omnia</span> <span class='ocrx_word' id='word_1_79' title='bbox 642 994 759 1064; x_wconf 89' lang='lat' dir='ltr'>copiose</span> <span class='ocrx_word' id='word_1_80' title='bbox 775 991 925 1061; x_wconf 88' lang='lat' dir='ltr'>multisque</span> <span class='ocrx_word' id='word_1_81' title='bbox 940 1006 1005 1046; x_wconf 88' lang='lat' dir='ltr'>cum</span> <span class='ocrx_word' id='word_1_82' title='bbox 1022 991 1121 1047; x_wconf 83' lang='lat' dir='ltr'>tabulis</span> 
     </span>
     <span class='ocr_line' id='line_1_11' title="bbox 110 1072 1126 1144; baseline -0.005 -11"><span class='ocrx_word' id='word_1_83' title='bbox 110 1080 198 1136; x_wconf 79' lang='lat' dir='ltr'>mixta</span> <span class='ocrx_word' id='word_1_84' title='bbox 208 1082 358 1131; x_wconf 83' lang='lat' dir='ltr'>narrarunt</span> <span class='ocrx_word' id='word_1_85' title='bbox 371 1075 534 1132; x_wconf 86' lang='lat' dir='ltr'>Plutarchus</span> <span class='ocrx_word' id='word_1_86' title='bbox 546 1075 575 1131; x_wconf 88' lang='lat' dir='ltr'>iu</span> <span class='ocrx_word' id='word_1_87' title='bbox 588 1075 652 1130; x_wconf 88' lang='lat' dir='ltr'>Vita</span> <span class='ocrx_word' id='word_1_88' title='bbox 665 1093 689 1130; x_wconf 89' lang='lat' dir='ltr'>c.</span> <span class='ocrx_word' id='word_1_89' title='bbox 704 1079 845 1144; x_wconf 74' lang='lat' dir='ltr'>be.-3t).,</span> <span class='ocrx_word' id='word_1_90' title='bbox 860 1072 1057 1130; x_wconf 88' lang='lat' dir='ltr'>Pseudo-Plut.</span> <span class='ocrx_word' id='word_1_91' title='bbox 1067 1073 1126 1128; x_wconf 86' lang='lat' dir='ltr'>Vit-</span> 
     </span>
     <span class='ocr_line' id='line_1_12' title="bbox 110 1150 1122 1230; baseline -0.006 -13"><span class='ocrx_word' id='word_1_92' title='bbox 110 1150 210 1217; x_wconf 83' lang='lat' dir='ltr'>decer‘n</span> <span class='ocrx_word' id='word_1_93' title='bbox 222 1165 293 1214; x_wconf 89' lang='lat' dir='ltr'>orat.</span> <span class='ocrx_word' id='word_1_94' title='bbox 304 1174 333 1230; x_wconf 83' lang='lat' dir='ltr'>p.</span> <span class='ocrx_word' id='word_1_95' title='bbox 345 1162 407 1218; x_wconf 79' lang='lat'><strong>846.</strong></span> <span class='ocrx_word' id='word_1_96' title='bbox 417 1161 489 1226; x_wconf 79' lang='lat'>847,</span> <span class='ocrx_word' id='word_1_97' title='bbox 502 1158 629 1213; x_wconf 84' lang='lat' dir='ltr'>Zosimus</span> <span class='ocrx_word' id='word_1_98' title='bbox 639 1159 774 1214; x_wconf 84' lang='lat' dir='ltr'>Ascalon.</span> <span class='ocrx_word' id='word_1_99' title='bbox 786 1161 814 1214; x_wconf 94' lang='lat' dir='ltr'>in</span> <span class='ocrx_word' id='word_1_100' title='bbox 824 1158 891 1213; x_wconf 89' lang='lat' dir='ltr'>Vita</span> <span class='ocrx_word' id='word_1_101' title='bbox 900 1175 930 1229; x_wconf 90' lang='lat' dir='ltr'>p.</span> <span class='ocrx_word' id='word_1_102' title='bbox 941 1163 986 1215; x_wconf 78' lang='grc'>91.</span> <span class='ocrx_word' id='word_1_103' title='bbox 998 1174 1053 1228; x_wconf 77' lang='lat' dir='ltr'>sq,</span> <span class='ocrx_word' id='word_1_104' title='bbox 1061 1157 1122 1212; x_wconf 87' lang='lat' dir='ltr'>bio·</span> 
     </span>
     <span class='ocr_line' id='line_1_13' title="bbox 109 1241 1121 1316; baseline -0.003 -17"><span class='ocrx_word' id='word_1_105' title='bbox 109 1243 236 1316; x_wconf 83' lang='lat' dir='ltr'>graphus</span> <span class='ocrx_word' id='word_1_106' title='bbox 248 1257 407 1313; x_wconf 77' lang='lat' dir='ltr'>anonymus</span> <span class='ocrx_word' id='word_1_107' title='bbox 419 1259 447 1312; x_wconf 88' lang='lat' dir='ltr'>p.</span> <span class='ocrx_word' id='word_1_108' title='bbox 459 1245 512 1311; x_wconf 82' lang='grc'>97,</span> <span class='ocrx_word' id='word_1_109' title='bbox 530 1241 647 1297; x_wconf 89' lang='lat' dir='ltr'>Luciau.</span> <span class='ocrx_word' id='word_1_110' title='bbox 661 1241 806 1298; x_wconf 86' lang='lat' dir='ltr'>Demosth.</span> <span class='ocrx_word' id='word_1_111' title='bbox 821 1242 937 1296; x_wconf 84' lang='lat' dir='ltr'>Encom</span> <span class='ocrx_word' id='word_1_112' title='bbox 952 1257 979 1295; x_wconf 87' lang='lat' dir='ltr'>c.</span> <span class='ocrx_word' id='word_1_113' title='bbox 992 1245 1039 1299; x_wconf 75' lang='grc'>46.</span> <span class='ocrx_word' id='word_1_114' title='bbox 1053 1256 1121 1311; x_wconf 84' lang='lat' dir='ltr'>sqq,</span> 
     </span>
     <span class='ocr_line' id='line_1_14' title="bbox 109 1318 1120 1397; baseline -0.004 -11"><span class='ocrx_word' id='word_1_115' title='bbox 109 1326 215 1387; x_wconf 81' lang='lat' dir='ltr'>Suidas</span> <span class='ocrx_word' id='word_1_116' title='bbox 232 1342 256 1383; x_wconf 89' lang='lat' dir='ltr'>s.</span> <span class='ocrx_word' id='word_1_117' title='bbox 278 1341 307 1380; x_wconf 89' lang='lat' dir='ltr'>v.</span> <span class='ocrx_word' id='word_1_118' title='bbox 320 1318 535 1397; x_wconf 70' lang='grc' dir='ltr'><strong><em>Δημοσθένηςε</em></strong></span> <span class='ocrx_word' id='word_1_119' title='bbox 548 1325 662 1381; x_wconf 88' lang='lat' dir='ltr'>brevius</span> <span class='ocrx_word' id='word_1_120' title='bbox 677 1325 832 1381; x_wconf 85' lang='lat' dir='ltr'>Pausanias</span> <span class='ocrx_word' id='word_1_121' title='bbox 846 1321 873 1392; x_wconf 90' lang='lat'>1,</span> <span class='ocrx_word' id='word_1_122' title='bbox 883 1328 912 1391; x_wconf 86' lang='grc'>8,</span> <span class='ocrx_word' id='word_1_123' title='bbox 928 1326 965 1392; x_wconf 95' lang='grc'>3.,</span> <span class='ocrx_word' id='word_1_124' title='bbox 978 1321 1080 1379; x_wconf 87' lang='lat' dir='ltr'>Strabo</span> <span class='ocrx_word' id='word_1_125' title='bbox 1093 1328 1120 1382; x_wconf 72' lang='grc'><strong>3</strong></span> 
     </span>
     <span class='ocr_line' id='line_1_15' title="bbox 109 1400 1120 1483; baseline -0.007 -13"><span class='ocrx_word' id='word_1_126' title='bbox 109 1426 138 1483; x_wconf 85' lang='lat' dir='ltr'>p.</span> <span class='ocrx_word' id='word_1_127' title='bbox 162 1411 224 1470; x_wconf 73' lang='lat'>³⁷4.</span> <span class='ocrx_word' id='word_1_128' title='bbox 246 1412 274 1464; x_wconf 88' lang='lat' dir='ltr'>et</span> <span class='ocrx_word' id='word_1_129' title='bbox 289 1408 432 1481; x_wconf 80' lang='lat' dir='ltr'>Diogenes</span> <span class='ocrx_word' id='word_1_130' title='bbox 449 1410 482 1464; x_wconf 89' lang='grc' dir='ltr'>Ι..</span> <span class='ocrx_word' id='word_1_131' title='bbox 501 1415 527 1476; x_wconf 78' lang='lat'>5,</span> <span class='ocrx_word' id='word_1_132' title='bbox 549 1414 604 1474; x_wconf 84' lang='lat'><strong>10..</strong></span> <span class='ocrx_word' id='word_1_133' title='bbox 623 1410 670 1479; x_wconf 90' lang='lat' dir='ltr'>qui</span> <span class='ocrx_word' id='word_1_134' title='bbox 686 1411 751 1465; x_wconf 90' lang='lat' dir='ltr'>anni</span> <span class='ocrx_word' id='word_1_135' title='bbox 765 1414 860 1465; x_wconf 83' lang='lat' dir='ltr'>notmn</span> <span class='ocrx_word' id='word_1_136' title='bbox 885 1406 1012 1479; x_wconf 88' lang='lat' dir='ltr'>addidit,</span> <span class='ocrx_word' id='word_1_137' title='bbox 1035 1400 1120 1463; x_wconf 76' lang='lat' dir='ltr'>mt-</span> 
     </span>
     <span class='ocr_line' id='line_1_16' title="bbox 109 1483 1122 1571; baseline -0.006 -20"><span class='ocrx_word' id='word_1_138' title='bbox 109 1497 237 1570; x_wconf 74' lang='grc' dir='ltr'><strong><em>ουρεψεν</em></strong></span> <span class='ocrx_word' id='word_1_139' title='bbox 254 1483 288 1546; x_wconf 77' lang='grc' dir='ltr'>ἒν</span> <span class='ocrx_word' id='word_1_140' title='bbox 305 1488 475 1571; x_wconf 59' lang='grc' dir='ltr'><strong><em>Καλαυρείᾳ</em></strong></span> <span class='ocrx_word' id='word_1_141' title='bbox 494 1483 542 1547; x_wconf 71' lang='grc' dir='ltr'>ἐπὶ</span> <span class='ocrx_word' id='word_1_142' title='bbox 558 1485 747 1560; x_wconf 76' lang='grc' dir='ltr'>Φιλοκλέους.</span> <span class='ocrx_word' id='word_1_143' title='bbox 780 1493 820 1549; x_wconf 95' lang='lat' dir='ltr'>De</span> <span class='ocrx_word' id='word_1_144' title='bbox 834 1507 906 1546; x_wconf 91' lang='lat' dir='ltr'>anno</span> <span class='ocrx_word' id='word_1_145' title='bbox 922 1491 1021 1546; x_wconf 89' lang='lat' dir='ltr'>aetatis</span> <span class='ocrx_word' id='word_1_146' title='bbox 1039 1506 1122 1563; x_wconf 90' lang='lat' dir='ltr'>quem</span> 
     </span>
     <span class='ocr_line' id='line_1_17' title="bbox 108 1573 1122 1650; baseline -0.005 -16"><span class='ocrx_word' id='word_1_147' title='bbox 108 1578 232 1650; x_wconf 82' lang='lat' dir='ltr'>attigerit</span> <span class='ocrx_word' id='word_1_148' title='bbox 245 1575 448 1630; x_wconf 88' lang='lat' dir='ltr'>Demosthenes</span> <span class='ocrx_word' id='word_1_149' title='bbox 467 1574 634 1630; x_wconf 89' lang='lat' dir='ltr'>dissentiunt</span> <span class='ocrx_word' id='word_1_150' title='bbox 651 1575 802 1646; x_wconf 81' lang='lat' dir='ltr'>scriptores</span> <span class='ocrx_word' id='word_1_151' title='bbox 817 1575 918 1646; x_wconf 91' lang='lat' dir='ltr'>partim</span> <span class='ocrx_word' id='word_1_152' title='bbox 931 1590 984 1628; x_wconf 91' lang='lat' dir='ltr'>sua</span> <span class='ocrx_word' id='word_1_153' title='bbox 996 1573 1122 1644; x_wconf 88' lang='lat' dir='ltr'>ipsorum</span> 
     </span>
     <span class='ocr_line' id='line_1_18' title="bbox 109 1657 1122 1732; baseline -0.005 -16"><span class='ocrx_word' id='word_1_154' title='bbox 109 1662 211 1732; x_wconf 89' lang='lat' dir='ltr'>partim</span> <span class='ocrx_word' id='word_1_155' title='bbox 225 1658 417 1722; x_wconf 84' lang='lat' dir='ltr'>librariorum,</span> <span class='ocrx_word' id='word_1_156' title='bbox 430 1663 459 1713; x_wconf 93' lang='lat' dir='ltr'>ut</span> <span class='ocrx_word' id='word_1_157' title='bbox 473 1657 593 1722; x_wconf 91' lang='lat' dir='ltr'>videtur,</span> <span class='ocrx_word' id='word_1_158' title='bbox 615 1659 708 1730; x_wconf 89' lang='lat' dir='ltr'>culpa.</span> <span class='ocrx_word' id='word_1_159' title='bbox 737 1659 810 1715; x_wconf 91' lang='lat' dir='ltr'>Nam</span> <span class='ocrx_word' id='word_1_160' title='bbox 824 1673 909 1729; x_wconf 91' lang='lat' dir='ltr'>quum</span> <span class='ocrx_word' id='word_1_161' title='bbox 926 1657 963 1712; x_wconf 90' lang='lat' dir='ltr'>de</span> <span class='ocrx_word' id='word_1_162' title='bbox 978 1672 1054 1712; x_wconf 88' lang='lat' dir='ltr'>anno</span> <span class='ocrx_word' id='word_1_163' title='bbox 1070 1673 1122 1711; x_wconf 86' lang='lat' dir='ltr'>ua·</span> 
     </span>
     <span class='ocr_line' id='line_1_19' title="bbox 109 1739 1123 1814; baseline -0.005 -15"><span class='ocrx_word' id='word_1_164' title='bbox 109 1741 361 1799; x_wconf 83' lang='lat' dir='ltr'>taliDemosthenis</span> <span class='ocrx_word' id='word_1_165' title='bbox 374 1739 447 1797; x_wconf 88' lang='lat' dir='ltr'>duae</span> <span class='ocrx_word' id='word_1_166' title='bbox 459 1741 582 1797; x_wconf 81' lang='lat' dir='ltr'>terantur</span> <span class='ocrx_word' id='word_1_167' title='bbox 592 1747 721 1797; x_wconf 90' lang='lat' dir='ltr'>veterum</span> <span class='ocrx_word' id='word_1_168' title='bbox 732 1743 891 1814; x_wconf 87' lang='lat' dir='ltr'>opiniones,</span> <span class='ocrx_word' id='word_1_169' title='bbox 900 1740 1123 1796; x_wconf 81' lang='lat' dir='ltr'>atteraPseudo·</span> 
     </span>
     <span class='ocr_line' id='line_1_20' title="bbox 109 1824 1122 1896; baseline -0.004 -14"><span class='ocrx_word' id='word_1_170' title='bbox 109 1824 250 1882; x_wconf 83' lang='lat' dir='ltr'>Plutarchi</span> <span class='ocrx_word' id='word_1_171' title='bbox 265 1826 295 1880; x_wconf 95' lang='lat' dir='ltr'>in</span> <span class='ocrx_word' id='word_1_172' title='bbox 306 1825 380 1880; x_wconf 89' lang='lat' dir='ltr'>Vitis</span> <span class='ocrx_word' id='word_1_173' title='bbox 396 1829 553 1892; x_wconf 90' lang='lat' dir='ltr'>oratorum,</span> <span class='ocrx_word' id='word_1_174' title='bbox 571 1824 618 1894; x_wconf 92' lang='lat' dir='ltr'>qui</span> <span class='ocrx_word' id='word_1_175' title='bbox 633 1826 741 1896; x_wconf 80' lang='lat' dir='ltr'>olymp.</span> <span class='ocrx_word' id='word_1_176' title='bbox 756 1829 799 1891; x_wconf 82' lang='lat'>98,</span> <span class='ocrx_word' id='word_1_177' title='bbox 812 1828 838 1883; x_wconf 78' lang='lat'>4.</span> <span class='ocrx_word' id='word_1_178' title='bbox 855 1824 958 1894; x_wconf 84' lang='lat' dir='ltr'>posuit,</span> <span class='ocrx_word' id='word_1_179' title='bbox 977 1838 1062 1894; x_wconf 81' lang='lat' dir='ltr'>quam</span> <span class='ocrx_word' id='word_1_180' title='bbox 1077 1837 1122 1878; x_wconf 89' lang='lat' dir='ltr'>ra·</span> 
     </span>
     <span class='ocr_line' id='line_1_21' title="bbox 87 1905 1122 1980; baseline -0.003 -17"><span class='ocrx_word' id='word_1_181' title='bbox 87 1947 92 1953; x_wconf 87' lang='lat'>-</span> <span class='ocrx_word' id='word_1_182' title='bbox 109 1909 212 1963; x_wconf 90' lang='lat' dir='ltr'>tionem</span> <span class='ocrx_word' id='word_1_183' title='bbox 224 1923 276 1962; x_wconf 88' lang='lat' dir='ltr'>nos</span> <span class='ocrx_word' id='word_1_184' title='bbox 289 1922 401 1978; x_wconf 87' lang='lat' dir='ltr'>quoque</span> <span class='ocrx_word' id='word_1_185' title='bbox 415 1909 568 1977; x_wconf 84' lang='lat' dir='ltr'>sequimur,</span> <span class='ocrx_word' id='word_1_186' title='bbox 584 1908 671 1963; x_wconf 87' lang='lat' dir='ltr'>altera</span> <span class='ocrx_word' id='word_1_187' title='bbox 681 1907 821 1980; x_wconf 80' lang='lat' dir='ltr'>Dionysii,</span> <span class='ocrx_word' id='word_1_188' title='bbox 842 1907 889 1978; x_wconf 92' lang='lat' dir='ltr'>qui</span> <span class='ocrx_word' id='word_1_189' title='bbox 904 1905 1122 1975; x_wconf 84' lang='lat' dir='ltr'>Demosthenem</span> 
     </span>
     <span class='ocr_line' id='line_1_22' title="bbox 95 1989 1121 2063; baseline -0.005 -16"><span class='ocrx_word' id='word_1_190' title='bbox 95 1992 215 2062; x_wconf 80' lang='lat' dir='ltr'>olymp.</span> <span class='ocrx_word' id='word_1_191' title='bbox 226 1993 269 2057; x_wconf 89' lang='grc'>99,</span> <span class='ocrx_word' id='word_1_192' title='bbox 289 1993 315 2047; x_wconf 81' lang='lat'>4.</span> <span class='ocrx_word' id='word_1_193' title='bbox 330 1995 424 2044; x_wconf 87' lang='lat' dir='ltr'>natum</span> <span class='ocrx_word' id='word_1_194' title='bbox 444 2005 508 2045; x_wconf 90' lang='lat' dir='ltr'>esse</span> <span class='ocrx_word' id='word_1_195' title='bbox 524 1989 657 2056; x_wconf 88' lang='lat' dir='ltr'>credidit,</span> <span class='ocrx_word' id='word_1_196' title='bbox 674 1998 785 2063; x_wconf 89' lang='lat' dir='ltr'>praeter</span> <span class='ocrx_word' id='word_1_197' title='bbox 798 1991 853 2047; x_wconf 88' lang='lat' dir='ltr'>hos</span> <span class='ocrx_word' id='word_1_198' title='bbox 869 1990 942 2045; x_wconf 88' lang='lat' dir='ltr'>duos</span> <span class='ocrx_word' id='word_1_199' title='bbox 961 1995 1055 2044; x_wconf 88' lang='lat' dir='ltr'>autem</span> <span class='ocrx_word' id='word_1_200' title='bbox 1071 2003 1121 2043; x_wconf 89' lang='lat' dir='ltr'>uu·</span> 
     </span>
     <span class='ocr_line' id='line_1_23' title="bbox 108 2070 1121 2144; baseline -0.002 -16"><span class='ocrx_word' id='word_1_201' title='bbox 108 2089 202 2128; x_wconf 89' lang='lat' dir='ltr'>meros</span> <span class='ocrx_word' id='word_1_202' title='bbox 219 2073 309 2129; x_wconf 90' lang='lat' dir='ltr'>nullus</span> <span class='ocrx_word' id='word_1_203' title='bbox 323 2073 395 2128; x_wconf 89' lang='lat' dir='ltr'>alius</span> <span class='ocrx_word' id='word_1_204' title='bbox 412 2089 503 2128; x_wconf 88' lang='lat' dir='ltr'>annus</span> <span class='ocrx_word' id='word_1_205' title='bbox 518 2088 638 2144; x_wconf 88' lang='lat' dir='ltr'>usquam</span> <span class='ocrx_word' id='word_1_206' title='bbox 650 2073 755 2130; x_wconf 86' lang='lat' dir='ltr'>diserte</span> <span class='ocrx_word' id='word_1_207' title='bbox 771 2079 948 2140; x_wconf 88' lang='lat' dir='ltr'>memoretur,</span> <span class='ocrx_word' id='word_1_208' title='bbox 964 2071 1035 2127; x_wconf 91' lang='lat' dir='ltr'>iuter</span> <span class='ocrx_word' id='word_1_209' title='bbox 1046 2070 1121 2127; x_wconf 86' lang='lat' dir='ltr'>duos</span> 
     </span>
     <span class='ocr_line' id='line_1_24' title="bbox 109 2154 1120 2228; baseline -0.003 -16"><span class='ocrx_word' id='word_1_210' title='bbox 109 2162 214 2213; x_wconf 88' lang='lat' dir='ltr'>tantum</span> <span class='ocrx_word' id='word_1_211' title='bbox 227 2157 326 2212; x_wconf 89' lang='lat' dir='ltr'>aetatis</span> <span class='ocrx_word' id='word_1_212' title='bbox 338 2172 444 2226; x_wconf 85' lang='lat' dir='ltr'>annos,</span> <span class='ocrx_word' id='word_1_213' title='bbox 467 2158 513 2216; x_wconf 84' lang='grc'>63.</span> <span class='ocrx_word' id='word_1_214' title='bbox 531 2162 559 2211; x_wconf 88' lang='lat' dir='ltr'>et</span> <span class='ocrx_word' id='word_1_215' title='bbox 578 2160 633 2222; x_wconf 68' lang='grc'>59,</span> <span class='ocrx_word' id='word_1_216' title='bbox 649 2159 829 2228; x_wconf 88' lang='lat' dir='ltr'>probabiliter</span> <span class='ocrx_word' id='word_1_217' title='bbox 850 2162 946 2227; x_wconf 87' lang='lat' dir='ltr'>optare</span> <span class='ocrx_word' id='word_1_218' title='bbox 968 2156 1045 2210; x_wconf 89' lang='lat' dir='ltr'>licet.</span> <span class='ocrx_word' id='word_1_219' title='bbox 1076 2154 1120 2209; x_wconf 84' lang='lat' dir='ltr'>Ac</span> 
     </span>
     <span class='ocr_line' id='line_1_25' title="bbox 108 2229 1122 2314; baseline -0.005 -18"><span class='ocrx_word' id='word_1_220' title='bbox 108 2251 231 2312; x_wconf 58' lang='lat' dir='ltr'>‘priorem</span> <span class='ocrx_word' id='word_1_221' title='bbox 245 2239 363 2310; x_wconf 69' lang='lat' dir='ltr'>quidem</span> <span class='ocrx_word' id='word_1_222' title='bbox 381 2246 456 2297; x_wconf 86' lang='lat' dir='ltr'>recte</span> <span class='ocrx_word' id='word_1_223' title='bbox 473 2240 553 2312; x_wconf 91' lang='lat' dir='ltr'>ponit</span> <span class='ocrx_word' id='word_1_224' title='bbox 569 2241 698 2297; x_wconf 84' lang='lat' dir='ltr'>Zosimus</span> <span class='ocrx_word' id='word_1_225' title='bbox 720 2242 748 2295; x_wconf 93' lang='lat' dir='ltr'>in</span> <span class='ocrx_word' id='word_1_226' title='bbox 765 2242 831 2297; x_wconf 88' lang='lat' dir='ltr'>Vita</span> <span class='ocrx_word' id='word_1_227' title='bbox 852 2244 999 2311; x_wconf 73' lang='lat' dir='ltr'>p.22,10.</span> <span class='ocrx_word' id='word_1_228' title='bbox 1015 2229 1122 2314; x_wconf 69' lang='grc' dir='ltr'><strong><em>ἐβίωσε</em></strong></span> 
     </span>
     <span class='ocr_line' id='line_1_26' title="bbox 108 2311 1123 2398; baseline -0.001 -21"><span class='ocrx_word' id='word_1_229' title='bbox 108 2315 143 2380; x_wconf 73' lang='grc' dir='ltr'>δὲ</span> <span class='ocrx_word' id='word_1_230' title='bbox 156 2317 209 2395; x_wconf 77' lang='grc' dir='ltr'>ἔτη</span> <span class='ocrx_word' id='word_1_231' title='bbox 222 2311 245 2391; x_wconf 71' lang='grc' dir='ltr'><strong><em>ἔ</em></strong></span> <span class='ocrx_word' id='word_1_232' title='bbox 260 2315 311 2378; x_wconf 76' lang='grc' dir='ltr'>καὶ</span> <span class='ocrx_word' id='word_1_233' title='bbox 326 2318 404 2398; x_wconf 76' lang='grc' dir='ltr'>τρία,</span> <span class='ocrx_word' id='word_1_234' title='bbox 420 2324 540 2379; x_wconf 89' lang='lat' dir='ltr'>absurde</span> <span class='ocrx_word' id='word_1_235' title='bbox 557 2341 625 2380; x_wconf 88' lang='lat' dir='ltr'>vero</span> <span class='ocrx_word' id='word_1_236' title='bbox 640 2325 769 2396; x_wconf 79' lang='lat' dir='ltr'>Dionysii</span> <span class='ocrx_word' id='word_1_237' title='bbox 785 2324 912 2396; x_wconf 84' lang='lat' dir='ltr'>adjungit</span> <span class='ocrx_word' id='word_1_238' title='bbox 927 2322 964 2377; x_wconf 91' lang='lat' dir='ltr'>de</span> <span class='ocrx_word' id='word_1_239' title='bbox 979 2337 1057 2377; x_wconf 83' lang='lat' dir='ltr'>anno</span> <span class='ocrx_word' id='word_1_240' title='bbox 1072 2337 1123 2376; x_wconf 87' lang='lat' dir='ltr'>na·</span> 
     </span>
     <span class='ocr_line' id='line_1_27' title="bbox 107 2394 1120 2486; baseline 0 -23"><span class='ocrx_word' id='word_1_241' title='bbox 107 2409 155 2463; x_wconf 88' lang='lat' dir='ltr'>tali</span> <span class='ocrx_word' id='word_1_242' title='bbox 171 2396 511 2480; x_wconf 63' lang='lat' dir='ltr'>opinionem,eyevvrfbp</span> <span class='ocrx_word' id='word_1_243' title='bbox 527 2394 557 2460; x_wconf 80' lang='grc' dir='ltr'>δ’</span> <span class='ocrx_word' id='word_1_244' title='bbox 579 2401 708 2486; x_wconf 72' lang='grc' dir='ltr'><strong><em>ἐνιαυτῷ</em></strong></span> <span class='ocrx_word' id='word_1_245' title='bbox 727 2398 871 2484; x_wconf 75' lang='grc' dir='ltr'><strong><em>πρότερον</em></strong></span> <span class='ocrx_word' id='word_1_246' title='bbox 887 2403 940 2478; x_wconf 76' lang='grc' dir='ltr'>τῆς</span> <span class='ocrx_word' id='word_1_247' title='bbox 960 2397 1120 2476; x_wconf 74' lang='grc' dir='ltr'><strong><em>ἑκατοστῆς</em></strong></span> 
     </span>
     <span class='ocr_line' id='line_1_28' title="bbox 107 2480 1121 2564; baseline -0.004 -17"><span class='ocrx_word' id='word_1_248' title='bbox 107 2480 310 2564; x_wconf 72' lang='grc' dir='ltr'>ὀλυμπιάδος,</span> <span class='ocrx_word' id='word_1_249' title='bbox 330 2492 377 2545; x_wconf 91' lang='lat' dir='ltr'>cui</span> <span class='ocrx_word' id='word_1_250' title='bbox 392 2496 422 2547; x_wconf 91' lang='lat' dir='ltr'>ut</span> <span class='ocrx_word' id='word_1_251' title='bbox 438 2494 607 2560; x_wconf 80' lang='lat' dir='ltr'>congrueret</span> <span class='ocrx_word' id='word_1_252' title='bbox 619 2492 697 2561; x_wconf 91' lang='lat' dir='ltr'>prior</span> <span class='ocrx_word' id='word_1_253' title='bbox 713 2508 862 2558; x_wconf 84' lang='lat' dir='ltr'>uumerus,</span> <span class='ocrx_word' id='word_1_254' title='bbox 879 2488 993 2545; x_wconf 89' lang='lat' dir='ltr'>aliunde</span> <span class='ocrx_word' id='word_1_255' title='bbox 1010 2495 1121 2549; x_wconf 77' lang='lat' dir='ltr'>sumtus</span> 
     </span>
     <span class='ocr_line' id='line_1_29' title="bbox 107 2561 1121 2643; baseline 0.001 -13"><span class='ocrx_word' id='word_1_256' title='bbox 107 2577 143 2630; x_wconf 89' lang='lat' dir='ltr'>ab</span> <span class='ocrx_word' id='word_1_257' title='bbox 155 2575 276 2640; x_wconf 87' lang='lat' dir='ltr'>Zosimo,</span> <span class='ocrx_word' id='word_1_258' title='bbox 295 2564 400 2642; x_wconf 72' lang='grc' dir='ltr'><strong><em>ἐβίωσε</em></strong></span> <span class='ocrx_word' id='word_1_259' title='bbox 416 2564 449 2627; x_wconf 75' lang='grc' dir='ltr'>δὲ</span> <span class='ocrx_word' id='word_1_260' title='bbox 461 2566 512 2643; x_wconf 69' lang='grc' dir='ltr'>ἔτη</span> <span class='ocrx_word' id='word_1_261' title='bbox 531 2561 584 2625; x_wconf 79' lang='grc' dir='ltr'>νθ’</span> <span class='ocrx_word' id='word_1_262' title='bbox 600 2571 752 2629; x_wconf 91' lang='lat' dir='ltr'>dicendum</span> <span class='ocrx_word' id='word_1_263' title='bbox 770 2581 841 2631; x_wconf 82' lang='lat' dir='ltr'>erat¹</span> <span class='ocrx_word' id='word_1_264' title='bbox 881 2576 926 2629; x_wconf 87' lang='lat' dir='ltr'>Ab</span> <span class='ocrx_word' id='word_1_265' title='bbox 943 2587 1061 2628; x_wconf 90' lang='lat' dir='ltr'>numero</span> <span class='ocrx_word' id='word_1_266' title='bbox 1076 2575 1121 2631; x_wconf 79' lang='grc'>63</span> 
     </span>
     <span class='ocr_line' id='line_1_30' title="bbox 108 2649 1122 2729; baseline -0.001 -19"><span class='ocrx_word' id='word_1_267' title='bbox 108 2656 208 2711; x_wconf 84' lang='lat' dir='ltr'>leviter</span> <span class='ocrx_word' id='word_1_268' title='bbox 219 2659 325 2720; x_wconf 87' lang='lat' dir='ltr'>tantum</span> <span class='ocrx_word' id='word_1_269' title='bbox 338 2653 481 2724; x_wconf 87' lang='lat' dir='ltr'>discrepat</span> <span class='ocrx_word' id='word_1_270' title='bbox 498 2668 582 2725; x_wconf 89' lang='lat' dir='ltr'>quem</span> <span class='ocrx_word' id='word_1_271' title='bbox 598 2653 703 2711; x_wconf 88' lang='lat' dir='ltr'>Suidas</span> <span class='ocrx_word' id='word_1_272' title='bbox 718 2673 743 2711; x_wconf 88' lang='lat' dir='ltr'>s.</span> <span class='ocrx_word' id='word_1_273' title='bbox 761 2652 790 2712; x_wconf 76' lang='grc' dir='ltr'>υ.</span> <span class='ocrx_word' id='word_1_274' title='bbox 809 2649 1008 2729; x_wconf 70' lang='grc' dir='ltr'><strong><em>Δημοσθένης</em></strong></span> <span class='ocrx_word' id='word_1_275' title='bbox 1024 2654 1122 2727; x_wconf 86' lang='lat' dir='ltr'>posuit</span> 
     </span>
     <span class='ocr_line' id='line_1_31' title="bbox 105 2735 1120 2823; baseline -0.003 -28"><span class='ocrx_word' id='word_1_276' title='bbox 105 2741 151 2798; x_wconf 76' lang='grc'>69.</span> <span class='ocrx_word' id='word_1_277' title='bbox 170 2751 308 2791; x_wconf 89' lang='lat' dir='ltr'>annorum</span> <span class='ocrx_word' id='word_1_278' title='bbox 323 2749 464 2806; x_wconf 86' lang='lat' dir='ltr'>nrnuetus,</span> <span class='ocrx_word' id='word_1_279' title='bbox 484 2736 576 2823; x_wconf 81' lang='lat' dir='ltr'>magis</span> <span class='ocrx_word' id='word_1_280' title='bbox 593 2735 734 2809; x_wconf 88' lang='lat' dir='ltr'>discrepat</span> <span class='ocrx_word' id='word_1_281' title='bbox 749 2740 1052 2811; x_wconf 81' lang='lat' dir='ltr'>sexaginta-annorum</span> <span class='ocrx_word' id='word_1_282' title='bbox 1069 2754 1120 2792; x_wconf 94' lang='lat' dir='ltr'>nu-</span> 
     </span>
    </p>
   </div>
   <div class='ocr_carea' id='block_1_3' title="bbox 104 2938 1120 3492">
    <p class='ocr_par' dir='ltr' id='par_1_3' title="bbox 104 2938 1120 3492">
     <span class='ocr_line' id='line_1_32' title="bbox 176 2938 1120 3014; baseline 0.006 -23"><span class='ocrx_word' id='word_1_283' title='bbox 176 2940 203 3004; x_wconf 82' lang='grc' dir='ltr'>ο)</span> <span class='ocrx_word' id='word_1_284' title='bbox 220 2940 350 2992; x_wconf 83' lang='lat' dir='ltr'>Plutarchi</span> <span class='ocrx_word' id='word_1_285' title='bbox 363 2944 440 2995; x_wconf 82' lang='lat' dir='ltr'>verba</span> <span class='ocrx_word' id='word_1_286' title='bbox 463 2953 523 2996; x_wconf 88' lang='lat' dir='ltr'>sunt</span> <span class='ocrx_word' id='word_1_287' title='bbox 546 2962 569 2999; x_wconf 89' lang='lat' dir='ltr'>c.</span> <span class='ocrx_word' id='word_1_288' title='bbox 593 2946 637 2999; x_wconf 82' lang='grc'>30.</span> <span class='ocrx_word' id='word_1_289' title='bbox 661 2944 831 3013; x_wconf 77' lang='grc' dir='ltr'><strong><em>κατέστρεψε</em></strong></span> <span class='ocrx_word' id='word_1_290' title='bbox 848 2940 879 2997; x_wconf 73' lang='grc' dir='ltr'>δ’</span> <span class='ocrx_word' id='word_1_291' title='bbox 897 2944 963 3014; x_wconf 71' lang='grc' dir='ltr'>ἕκτῃ</span> <span class='ocrx_word' id='word_1_292' title='bbox 979 2938 1026 2997; x_wconf 68' lang='grc' dir='ltr'>ἐπὶ</span> <span class='ocrx_word' id='word_1_293' title='bbox 1048 2939 1120 2998; x_wconf 75' lang='grc' dir='ltr'>δέκα</span> 
     </span>
     <span class='ocr_line' id='line_1_33' title="bbox 104 3001 1119 3091; baseline 0.009 -33"><span class='ocrx_word' id='word_1_294' title='bbox 104 3008 159 3059; x_wconf 72' lang='grc' dir='ltr'>τοῦ</span> <span class='ocrx_word' id='word_1_295' title='bbox 175 3007 385 3091; x_wconf 52' lang='grc' dir='ltr'><strong><em>Πυανεψιῶνος</em></strong></span> <span class='ocrx_word' id='word_1_296' title='bbox 400 3005 497 3078; x_wconf 74' lang='grc' dir='ltr'>μηνὸς,</span> <span class='ocrx_word' id='word_1_297' title='bbox 517 3001 581 3083; x_wconf 74' lang='grc' dir='ltr'>ἕνῇ</span> <span class='ocrx_word' id='word_1_298' title='bbox 601 3007 656 3082; x_wconf 78' lang='grc' dir='ltr'>τὴν</span> <span class='ocrx_word' id='word_1_299' title='bbox 673 3008 919 3082; x_wconf 76' lang='grc' dir='ltr'><strong><em>σκυθρωποτάτην</em></strong></span> <span class='ocrx_word' id='word_1_300' title='bbox 936 3013 994 3066; x_wconf 74' lang='grc' dir='ltr'>τῶν</span> <span class='ocrx_word' id='word_1_301' title='bbox 1009 3012 1119 3082; x_wconf 73' lang='lat' dir='ltr'>Despo-</span> 
     </span>
     <span class='ocr_line' id='line_1_34' title="bbox 104 3072 1120 3152; baseline 0.009 -26"><span class='ocrx_word' id='word_1_302' title='bbox 104 3076 220 3142; x_wconf 68' lang='lat' dir='ltr'>poploe</span> <span class='ocrx_word' id='word_1_303' title='bbox 241 3092 354 3144; x_wconf 80' lang='grc' dir='ltr'><strong><em>ημεραν</em></strong></span> <span class='ocrx_word' id='word_1_304' title='bbox 372 3072 490 3146; x_wconf 74' lang='grc' dir='ltr'><strong><em>ἄγουσαι</em></strong></span> <span class='ocrx_word' id='word_1_305' title='bbox 514 3075 593 3149; x_wconf 74' lang='grc' dir='ltr'>παρὰ</span> <span class='ocrx_word' id='word_1_306' title='bbox 616 3082 654 3151; x_wconf 79' lang='grc' dir='ltr'>τῇ</span> <span class='ocrx_word' id='word_1_307' title='bbox 678 3082 740 3152; x_wconf 76' lang='grc' dir='ltr'>θεῷ</span> <span class='ocrx_word' id='word_1_308' title='bbox 761 3076 948 3149; x_wconf 68' lang='grc' dir='ltr'><strong><em>νηστεύουσιν</em></strong></span> <span class='ocrx_word' id='word_1_309' title='bbox 965 3078 998 3135; x_wconf 70' lang='grc' dir='ltr'>αἱ</span> <span class='ocrx_word' id='word_1_310' title='bbox 1020 3086 1120 3149; x_wconf 71' lang='grc' dir='ltr'><strong><em>γοναῖ-</em></strong></span> 
     </span>
     <span class='ocr_line' id='line_1_35' title="bbox 105 3141 1119 3220; baseline 0.007 -24"><span class='ocrx_word' id='word_1_311' title='bbox 105 3159 166 3203; x_wconf 77' lang='lat' dir='ltr'>aer·</span> <span class='ocrx_word' id='word_1_312' title='bbox 194 3146 240 3197; x_wconf 93' lang='lat' dir='ltr'>ubl</span> <span class='ocrx_word' id='word_1_313' title='bbox 262 3162 395 3199; x_wconf 88' lang='lat' dir='ltr'>numerum</span> <span class='ocrx_word' id='word_1_314' title='bbox 420 3141 454 3205; x_wconf 81' lang='grc' dir='ltr'>ις’</span> <span class='ocrx_word' id='word_1_315' title='bbox 475 3151 501 3200; x_wconf 92' lang='lat' dir='ltr'>in</span> <span class='ocrx_word' id='word_1_316' title='bbox 524 3144 561 3220; x_wconf 74' lang='grc' dir='ltr'>ιβ’</span> <span class='ocrx_word' id='word_1_317' title='bbox 579 3154 672 3211; x_wconf 83' lang='lat' dir='ltr'>mutari</span> <span class='ocrx_word' id='word_1_318' title='bbox 696 3153 777 3203; x_wconf 85' lang='lat' dir='ltr'>voluit</span> <span class='ocrx_word' id='word_1_319' title='bbox 793 3154 923 3206; x_wconf 84' lang='lat' dir='ltr'>Prellerus</span> <span class='ocrx_word' id='word_1_320' title='bbox 947 3154 973 3203; x_wconf 91' lang='lat' dir='ltr'>in</span> <span class='ocrx_word' id='word_1_321' title='bbox 999 3154 1064 3207; x_wconf 87' lang='lat' dir='ltr'>libro</span> <span class='ocrx_word' id='word_1_322' title='bbox 1085 3154 1119 3204; x_wconf 89' lang='lat' dir='ltr'>de</span> 
     </span>
     <span class='ocr_line' id='line_1_36' title="bbox 105 3213 1118 3288; baseline 0.006 -22"><span class='ocrx_word' id='word_1_323' title='bbox 105 3213 199 3268; x_wconf 71' lang='lat' dir='ltr'>Cerere</span> <span class='ocrx_word' id='word_1_324' title='bbox 211 3224 236 3267; x_wconf 85' lang='lat' dir='ltr'>et</span> <span class='ocrx_word' id='word_1_325' title='bbox 247 3216 399 3281; x_wconf 74' lang='lat' dir='ltr'>Proempina</span> <span class='ocrx_word' id='word_1_326' title='bbox 409 3232 435 3281; x_wconf 91' lang='lat' dir='ltr'>p.</span> <span class='ocrx_word' id='word_1_327' title='bbox 446 3217 463 3268; x_wconf 86' lang='grc'><strong>3</strong></span> <span class='ocrx_word' id='word_1_328' title='bbox 481 3220 518 3284; x_wconf 75' lang='grc'>2.,</span> <span class='ocrx_word' id='word_1_329' title='bbox 532 3236 610 3284; x_wconf 91' lang='lat' dir='ltr'>quum</span> <span class='ocrx_word' id='word_1_330' title='bbox 623 3220 827 3287; x_wconf 69' lang='lat' dir='ltr'>thesmophoria</span> <span class='ocrx_word' id='word_1_331' title='bbox 837 3237 884 3288; x_wconf 88' lang='lat' dir='ltr'>per</span> <span class='ocrx_word' id='word_1_332' title='bbox 898 3215 949 3272; x_wconf 82' lang='lat' dir='ltr'>tres</span> <span class='ocrx_word' id='word_1_333' title='bbox 959 3222 1118 3288; x_wconf 81' lang='lat' dir='ltr'>Pyanepsio·</span> 
     </span>
     <span class='ocr_line' id='line_1_37' title="bbox 105 3283 1120 3354; baseline 0.006 -21"><span class='ocrx_word' id='word_1_334' title='bbox 105 3285 147 3335; x_wconf 85' lang='lat' dir='ltr'>nis</span> <span class='ocrx_word' id='word_1_335' title='bbox 166 3285 231 3350; x_wconf 81' lang='lat' dir='ltr'>dies,</span> <span class='ocrx_word' id='word_1_336' title='bbox 251 3283 384 3348; x_wconf 83' lang='lat' dir='ltr'>11.-ta.,</span> <span class='ocrx_word' id='word_1_337' title='bbox 404 3286 530 3337; x_wconf 84' lang='lat' dir='ltr'>celebrata</span> <span class='ocrx_word' id='word_1_338' title='bbox 548 3305 605 3341; x_wconf 86' lang='lat' dir='ltr'>esse</span> <span class='ocrx_word' id='word_1_339' title='bbox 621 3296 733 3349; x_wconf 88' lang='lat' dir='ltr'>constet,</span> <span class='ocrx_word' id='word_1_340' title='bbox 750 3290 863 3352; x_wconf 86' lang='lat' dir='ltr'>&#39;quarum</span> <span class='ocrx_word' id='word_1_341' title='bbox 882 3291 967 3341; x_wconf 88' lang='lat' dir='ltr'>media</span> <span class='ocrx_word' id='word_1_342' title='bbox 989 3289 1120 3354; x_wconf 79' lang='grc' dir='ltr'><strong><em>Νηστεία</em></strong></span> 
     </span>
     <span class='ocr_line' id='line_1_38' title="bbox 107 3347 1120 3422; baseline 0.008 -20"><span class='ocrx_word' id='word_1_343' title='bbox 107 3353 175 3404; x_wconf 82' lang='lat' dir='ltr'>dicta</span> <span class='ocrx_word' id='word_1_344' title='bbox 195 3354 252 3408; x_wconf 85' lang='lat' dir='ltr'>luit.</span> <span class='ocrx_word' id='word_1_345' title='bbox 286 3354 314 3403; x_wconf 87' lang='lat' dir='ltr'>lu</span> <span class='ocrx_word' id='word_1_346' title='bbox 335 3367 439 3402; x_wconf 87' lang='lat' dir='ltr'>numero</span> <span class='ocrx_word' id='word_1_347' title='bbox 462 3347 498 3410; x_wconf 81' lang='grc' dir='ltr'>ις’</span> <span class='ocrx_word' id='word_1_348' title='bbox 516 3361 641 3408; x_wconf 84' lang='lat' dir='ltr'>consentit</span> <span class='ocrx_word' id='word_1_349' title='bbox 663 3360 708 3420; x_wconf 90' lang='lat' dir='ltr'>qui</span> <span class='ocrx_word' id='word_1_350' title='bbox 721 3357 848 3408; x_wconf 87' lang='lat' dir='ltr'>Plutarchi</span> <span class='ocrx_word' id='word_1_351' title='bbox 867 3360 984 3422; x_wconf 85' lang='lat' dir='ltr'>quamvis</span> <span class='ocrx_word' id='word_1_352' title='bbox 1002 3374 1054 3409; x_wconf 92' lang='lat' dir='ltr'>nou</span> <span class='ocrx_word' id='word_1_353' title='bbox 1072 3372 1120 3410; x_wconf 92' lang='lat' dir='ltr'>no·</span> 
     </span>
     <span class='ocr_line' id='line_1_39' title="bbox 105 3420 848 3492; baseline 0.012 -23"><span class='ocrx_word' id='word_1_354' title='bbox 105 3423 193 3471; x_wconf 86' lang='lat' dir='ltr'>minari</span> <span class='ocrx_word' id='word_1_355' title='bbox 212 3424 290 3474; x_wconf 85' lang='lat' dir='ltr'>rerba</span> <span class='ocrx_word' id='word_1_356' title='bbox 305 3435 352 3471; x_wconf 88' lang='lat' dir='ltr'>sua</span> <span class='ocrx_word' id='word_1_357' title='bbox 367 3420 427 3471; x_wconf 85' lang='lat' dir='ltr'>iecit</span> <span class='ocrx_word' id='word_1_358' title='bbox 444 3422 560 3476; x_wconf 86' lang='lat' dir='ltr'>Zosimus</span> <span class='ocrx_word' id='word_1_359' title='bbox 575 3426 600 3474; x_wconf 90' lang='lat' dir='ltr'>in</span> <span class='ocrx_word' id='word_1_360' title='bbox 619 3428 680 3477; x_wconf 87' lang='lat' dir='ltr'>Vita</span> <span class='ocrx_word' id='word_1_361' title='bbox 696 3441 723 3491; x_wconf 85' lang='lat' dir='ltr'>p.</span> <span class='ocrx_word' id='word_1_362' title='bbox 742 3426 785 3492; x_wconf 76' lang='lat'>22,</span> <span class='ocrx_word' id='word_1_363' title='bbox 806 3426 848 3478; x_wconf 89' lang='grc'>17.</span> 
     </span>
    </p>
   </div>
   <div class='ocr_carea' id='block_1_4' title="bbox 0 0 1174 3894">
    <p class='ocr_par' dir='ltr' id='par_1_4' title="bbox 0 0 1174 3894">
     <span class='ocr_line' id='line_1_40' title="bbox 0 0 1174 3894; baseline 0 1"><span class='ocrx_word' id='word_1_364' title='bbox 0 0 1174 3894; x_wconf 95' lang='lat' dir='ltr'> </span> 
     </span>
    </p>
   </div>
  </div>
 </body>
</html>
