2340 3894
127 184 151 226 1
472 248 475 255 ῃ
505 171 748 263 jeanurnrro.

127 352 295 394 enumerare
310 336 404 391 omnia
419 335 555 392 infinitum
570 341 644 403 erat,
665 343 772 393 tantum
792 339 821 391 in
842 336 964 393 editione
980 337 1133 398 Oxoniensi

122 421 206 487 attuli
230 424 363 491 quantum
385 421 453 474 satis
474 425 550 475 esset
571 419 678 475 codicis
700 421 728 474 in
754 420 808 475 hoc
834 436 945 491 quoque
967 438 1071 492 genere
1093 425 1133 480 in·

129 503 224 559 dolem
246 518 419 575 cognoscere
435 503 624 574 cupientibus3
641 504 713 559 aliae
731 502 851 574 denique
866 505 985 559 aliorum
1000 507 1132 564 librorum

126 588 296 658 scripturas,
315 585 400 641 modo
417 601 501 641 veras
523 585 606 641 modo
625 587 711 643 salsas
727 589 772 643 vel
783 588 988 657 ⁴interpolatas,
1003 590 1132 648 inserunt

127 671 191 727 Non
207 671 386 726 substiterunt
402 674 494 724 tamen
508 672 579 724 intra
592 667 645 724 hos
659 669 731 726 fines
742 675 931 726 correctorum
946 671 1050 728 studia:
1068 690 1133 729 narn

127 754 198 809 inter
214 769 315 808 versus
327 768 437 822 quoque
452 753 522 807 etin
538 753 710 824 marginibus
727 754 828 825 ingens
843 759 973 809 annotata
988 762 1030 810 est
1042 758 1132 813 varia·

127 853 189 893 rum
204 837 354 891 lectionum
370 835 468 906 eopia,
484 852 604 906 quarum·
622 852 693 906 quae
709 839 743 892 ab
757 837 887 892 manibus
902 837 1021 908 scriptae
1036 847 1134 896 essent

126 920 347 989 antiquioribus,
373 918 391 976 i.
416 935 552 991 eosque
579 918 617 973 ad
643 921 768 975 seoutmn
784 928 911 991 quartum
928 920 1082 992 decimum,
1104 925 1132 979 in

127 1004 250 1059 editione
265 1002 421 1058 Oxoniensi
436 1002 606 1069 memoravi,
622 1018 694 1073 quac
712 1019 781 1058 vero
797 1005 832 1059 ab
854 1004 964 1058 infimae
981 1007 1080 1062 aetatis
1102 1008 1132 1062 ii·

126 1087 228 1143 brariis
258 1086 354 1141 atlitae
387 1093 482 1141 essent
504 1087 668 1158 plerumque
692 1088 789 1153 omisi,
812 1103 897 1157 quum
918 1087 987 1142 nihii
1013 1105 1131 1160 usquam

126 1162 295 1243 praeberent
310 1185 392 1239 quam
408 1170 566 1240 vulgarium
587 1171 720 1224 librorum
735 1171 884 1237 lectiones,
907 1187 977 1241 quas
996 1187 1080 1240 quum
1097 1189 1133 1229 ex

103 1254 252 1327 pluribus
268 1253 352 1327 hujus
367 1253 478 1324 generis
505 1251 650 1308 codicibus
674 1259 770 1322 petere
794 1254 917 1325 integras
941 1255 1050 1323 liceret,
1076 1273 1131 1311 non

126 1338 275 1395 videbatur
289 1351 392 1407 operae
407 1338 527 1407 pretium
544 1335 702 1391 istiusmodi
719 1352 862 1408 apponere
878 1339 1131 1394 recentissimorum

126 1421 301 1477 librariorum
323 1426 463 1490 excerpta.
493 1420 640 1490 Antiquior
655 1426 748 1475 autem
766 1422 814 1475 illa
836 1419 962 1476 lectionis
981 1420 1131 1478 diversitas

125 1506 249 1561 maxima
266 1520 310 1573 ,ex
324 1509 404 1573 parte
416 1504 463 1558 uni
473 1504 625 1572 eidemque
641 1505 736 1558 manui
753 1503 868 1559 debetur
884 1505 972 1560 secuti
993 1505 1132 1562 undecimi

124 1590 224 1658 (quam
242 1588 289 1642 ubi
305 1585 410 1640 diserte
426 1585 598 1642 nominanda
614 1591 673 1640 erat
693 1602 803 1641 manum
830 1589 858 1642 b.
882 1589 1053 1658 appellavi),
1076 1605 1131 1644 non

125 1671 198 1726 ultra
209 1671 364 1724 orationem
380 1668 535 1723 secundum
551 1669 657 1723 codicis
674 1669 800 1723 ordinem
816 1671 1060 1766 quadragesimam
1075 1674 1131 1755 pri·

125 1769 200 1808 mam
215 1767 395 1824 progressae
432 1752 502 1808 Nam
522 1751 640 1807 orationi
657 1751 890 1824 quadragesimae
913 1755 1035 1848 primae,
1059 1770 1130 1825 quae

127 1837 208 1892 nobis
234 1843 277 1891 est
293 1835 435 1908 trigesima
458 1835 558 1906 prima,
576 1837 763 1905 subscriptum
780 1844 822 1892 est
844 1829 898 1904 ἕως
916 1816 972 1892 ωδε
994 1826 1130 1913 διώρθω

124 1935 183 1990 ται,
199 1936 250 1993 nec
252 1925 325 2015 'post
340 1918 412 1974 hanc
429 1919 581 1973 orationem
598 1935 697 1974 manus
711 1920 758 1975 illa
773 1937 901 1999 usquam
907 1921 1025 1992 amplius
1042 1937 1130 1992 appa-

126 2009 182 2071 ret,
205 2002 260 2066 nisi
284 2002 380 2056 torte
373 2018 402 2055 m
425 2003 548 2057 oratione
571 1991 659 2075 νβ’(
645 2003 739 2069 (nobis
761 2005 821 2072 39.)
843 2003 941 2075 paucis
964 2004 1131 2075 quibusdam

125 2086 251 2141 inlocis
282 2087 368 2140 Porro
390 2087 424 2141 ab
453 2085 567 2153 eadem,
594 2092 624 2139 nt
648 2086 776 2154 videtur,
808 2104 892 2142 manu
922 2088 969 2141 ilia
996 2084 1129 2141 ANTE-

84 2216 86 2221 .
126 2164 282 2226 ΒΛΗΘΗ
308 2169 496 2239 subscriptum
520 2176 563 2224 est
587 2171 758 2224 orationibus
788 2169 823 2224 de
844 2171 916 2224 salsa
939 2171 1078 2240 legatione
1102 2176 1130 2223 et

125 2257 221 2307 contra
242 2251 462 2323 Aristogitonem
485 2252 573 2307 alteri.
626 2252 687 2320 Quo
715 2251 885 2324 significatur
909 2253 1051 2322 exemplar
1075 2252 1130 2307 hoc

125 2351 189 2390 oum
206 2335 260 2390 alio
282 2336 434 2406 exemplari
457 2351 523 2390 esse
547 2336 692 2405 collatum,
708 2353 744 2390 ex
766 2351 819 2407 quo
836 2337 954 2401 tortasse
976 2336 1066 2389 omnis
1084 2336 1130 2390 itta

125 2417 209 2474 ducta
226 2423 269 2473 est
283 2418 409 2474 lectionis
426 2417 592 2487 diversitas,
614 2425 772 2474 constanter
793 2423 886 2472 notata
909 2419 995 2473 literis
1015 2403 1090 2488 “yp.
1094 2403 1129 2488 '’,

124 2503 179 2558 nisi
194 2501 270 2571 quod
285 2501 364 2574 adp.
380 2505 440 2572 626,
458 2506 483 2559 Ἄ
498 2503 631 2596 scriptum
649 2508 691 2556 est
700 2518 746 2573 γρ
740 2492 792 2553 ,ἐν
807 2486 913 2568 citiori,
935 2489 1048 2554 τούτων
1064 2507 1128 2570 eto,

125 2576 386 2654 ¹quemadmodum'
379 2600 408 2639 m
419 2585 560 2677 margine
556 2584 699 2654 Epistolae
710 2582 826 2653 primae,
841 2575 907 2656 περὶ
922 2578 975 2654 τῆς
990 2570 1129 2654 ὁμονοίας

124 2665 291 2738 inscriptae,
314 2672 474 2723 annotatum
490 2659 522 2721 ἐν
537 2653 629 2720 otior
644 2657 712 2741 περὶ
725 2661 923 2740 παρασκευῆς.
954 2665 1063 2734 Quodsi
1080 2664 1129 2722 de·

123 2752 218 2806 tractis
233 2751 361 2807 omnibus
376 2749 421 2805 his
437 2750 589 2806 alienarum
607 2762 738 2803 mannum
753 2753 781 2802 et
806 2749 1023 2805 correctionibus
1039 2756 1067 2803 et
1079 2742 1128 2805 ad·

124 2832 282 2890 ditameutis
304 2834 432 2890 codicem
448 2832 537 2903 qualis
553 2848 570 2887 a
589 2831 680 2902 prima
694 2845 779 2886 manu
799 2833 919 2904 scriptus
942 2838 984 2889 est
1000 2830 1128 2887 conside·

123 2925 217 2973 ramus
241 2923 352 2973 etcum
375 2917 507 2971 librorum
535 2920 690 2976 ceterorum
713 2915 760 2970 vel
783 2916 895 2985 optimis
921 2931 1127 2986 comparamus,

122 3005 227 3055 tanturn
242 3001 288 3055 ille
311 2998 438 3055 omnibus
461 3013 579 3068 quorum
594 2998 718 3052 notitiam
732 2997 867 3068 habemus
882 3007 1025 3071 praestare
1042 2999 1127 3054 anim·

123 3083 277 3140 advertitur
292 3088 322 3138 ut
338 3081 463 3138 centenis
484 3081 511 3134 in
533 3081 602 3136 iocis
624 3083 684 3152 ejus
709 3081 790 3137 unius
813 3085 902 3154 major
923 3099 1006 3154 quam
1023 3089 1129 3138 cetero-

123 3181 185 3221 rum
202 3168 412 3238 conjunctorum
426 3164 577 3219 auctoritas
592 3167 627 3221 sit
649 3165 787 3223 habenda.
832 3166 901 3238 Nam
924 3182 996 3238 quae
1018 3167 1044 3220 ei
1063 3183 1129 3237 pro-

122 3249 201 3320 priae
217 3255 281 3306 sunt
295 3249 446 3316 lectiones,
463 3263 559 3303 earum
578 3262 635 3315 non
652 3252 742 3304 sotum
755 3250 890 3320 plurimae
904 3266 956 3322 per
973 3265 1004 3305 se
1019 3255 1126 3321 specta·

119 3338 167 3388 -tae
189 3348 287 3388 omnes
313 3332 416 3387 habent
435 3331 558 3409 veritatis
584 3346 734 3400 numeros,
764 3330 816 3388 sed
839 3333 922 3388 etiarn
943 3348 999 3388 non
1018 3347 1127 3404 paucae

122 3416 365 3488 grammaticorum
382 3422 409 3471 er
423 3413 565 3472 rhetorum
582 3414 814 3472 Demosthenicos
829 3417 907 3472 locos
924 3415 1080 3481 citantium,
1099 3420 1127 3469 ut
