2340 3894
334 181 494 249 ..mA
516 180 785 259 Φιλιππου
802 184 843 243 A.
1017 177 1062 247 ιι

57 348 430 427 εθθανεϊν,στρατηγοΰ
440 340 475 408 δὲ
486 339 677 425 μαχόμενον
687 355 753 418 τοῖς
763 349 939 426 πολεμίοις.
967 339 1062 429 ἡμῶν

100 433 135 504 δ’
148 438 255 520 οίμὲν
264 438 447 524 περιιόντες
464 437 544 522 μετὰ
555 442 829 523 Λακεδαιμονίων
847 442 929 524 φασὶ
939 447 1059 509 Φίλιπ-

99 561 166 603 πον
178 536 337 620 πράττειν
346 536 408 623 τὴν
419 541 575 622 Θηβαίων
586 536 769 603 κατάλυσιν
781 539 835 602 καὶ
846 535 904 616 τάς
914 545 1060 605 πολιτεί-

100 661 139 713 ας
158 638 315 719 διασπᾶν,
334 640 369 703 οί
383 636 416 702 δ’
431 633 474 713 ὡς
491 637 642 722 πρέσβεις
658 640 834 720 πέπομφεν
852 633 895 714 ὡς
911 640 1059 722 βασιλέα,

100 737 136 801 οί
145 732 177 800 δ’
192 736 229 801 έυ
238 731 408 816 Ἰλλυριοῖς
418 734 531 812 πόλεις
546 740 702 819 τειχιζειν,
726 741 761 802 οί
776 735 811 803 δὲ
823 736 945 820 λόγους
955 736 1059 803 πλάτ-

60 833 365 926 49τοντεςέκαστος
376 833 627 918 περιερχόμεθα.
659 832 722 917 ἐγώ
735 831 762 901 (ί
775 833 864 919 οἶμαι
874 836 946 922 μέν,
959 827 986 902 ό
997 833 1059 902 ἄν·

101 936 179 1016 ἀρες
188 929 370 1018 Ἀθηναῖοι,
383 933 424 1017 νὴ
437 933 515 1009 τούς
530 931 633 1010 θεοὺς
645 935 772 1000 ἐκείνου
789 935 931 1017 μεθύειν
942 941 989 1020 τῷ
999 959 1057 1020 με·

100 1033 197 1117 γέθει
208 1039 278 1115 τῶν
292 1033 537 1116 πεπραγμένων
552 1032 607 1098 καί
618 1029 725 1099 πολλά
737 1041 873 1100 τοιαῦτα
884 1030 1059 1116 ὀνειροπο-

99 1137 172 1198 λεῖν
194 1131 232 1196 έν
252 1136 291 1215 τῇ
311 1129 443 1216 γνόμη,
465 1126 567 1215 τήνί
591 1132 729 1217 ἐρημίαν
755 1139 824 1199 τοῖν
835 1131 1060 1200 κωλυσόντων

99 1225 235 1313 ὁρῶντα
253 1229 391 1306 καὶτοῖς
409 1229 651 1313 πεπραγμένοις
666 1232 868 1316 ἐπῃρμένον,
886 1227 927 1296 οὐ
945 1233 1056 1315 μέντοι
1151 1292 1155 1297 .

101 1352 139 1410 γε
161 1323 207 1412 μά
229 1323 288 1394 Δί’
312 1325 400 1393 οὕτω
424 1334 658 1411 προαιρεῖσθαι
679 1325 835 1410 πράττειν
875 1320 958 1392 ἀστε
972 1325 1059 1404 ’τούς

101 1421 347 1509 ἀνοητοτάτους
361 1431 431 1491 τῶν
448 1422 524 1508 παρ’
543 1421 623 1510 ἡμῖν
640 1426 762 1492 εἰδέναι
778 1431 813 1490 τί
825 1426 934 1510 μέλλει
950 1439 1059 1491 ποιεῖν

60 1534 94 1585 50
104 1525 248 1601 ἐκεῖνος·
260 1520 476 1608 ἀνοητότατοι
485 1522 550 1610 γάρ
563 1529 648 1590 είσιν
658 1526 693 1590 οί
700 1529 964 1606 λογοποιοῦντες.
987 1519 1055 1588 ἀλλ’

103 1618 148 1691 ἀν
164 1619 306 1708 ἀφέντες
315 1617 404 1690 ταῦτ’
417 1625 524 1690 έκεῖνο
540 1624 698 1707 εἰδεῖμεν,
717 1618 768 1689 ὅτι
785 1616 904 1706 ἐχθρὸς
920 1618 1059 1704 ἀνθρα·

102 1746 166 1800 τος
180 1722 236 1789 καὶ
252 1718 293 1787 τά
308 1718 449 1806 ἡμέτερα
467 1716 551 1806 ἡμᾶς
562 1717 739 1801 ἀποστερεῖ
751 1721 806 1787 καὶ
816 1717 941 1804 χρόνον
951 1716 1061 1785 πολὺν

103 1818 242 1907 ὕβρικε,
259 1820 315 1886 καὶ
330 1814 454 1886 ἅπανθ’
466 1817 531 1886 ὅσα
549 1814 672 1885 πώποτ’
684 1815 869 1903 ἠλπίσαμέν
878 1842 953 1883 τινα
971 1816 1060 1900 πρά-

104 1924 173 1999 ξειν
192 1914 280 1999 ὑπὲρ
301 1912 398 2002 ἡμῶν
419 1914 504 1983 καθ’·
517 1913 613 2002 ἡμῶν
634 1914 789 2002 εὕρηται,
813 1917 869 1986 καὶ
895 1913 936 1982 τά
958 1911 1056 1982 λοιπὰ

103 2020 142 2087 έν
161 2012 275 2092 αὐτοῖς
294 2010 374 2101 ἡμῖν
395 2014 478 2099 έστί,
500 2010 565 2081 κάν
584 2011 628 2101 μὴ
648 2022 713 2083 νῦν
729 2019 897 2102 ἐθέλωμεν
915 2019 984 2084 ἐκεῖ
994 2038 1058 2081 πο-

102 2125 215 2201 λεμεῖν
237 2108 345 2200 αὐτῷ,
377 2108 492 2180 ἐνθάδ’
510 2121 589 2190 ἴσως
617 2111 947 2200 ἀναγκασθησόμεθα
957 2119 1057 2180 τοῦτο

103 2228 223 2298 ποιεῖν,
232 2206 543 2297 ἀνταῦταείάοῐμεν,
556 2211 656 2278 καίτά
669 2215 786 2278 δέοντα
797 2212 942 2297 ἐσόμεθα
952 2215 1058 2295 έγνω-

102 2311 199 2390 κόιες
231 2312 287 2378 καί
308 2309 417 2395 λόγων
447 2318 598 2396 ματαίων
629 2307 891 2396 ἀπηλλαγμένοι·
925 2308 967 2378 οὐ
993 2311 1058 2395 γὰρ

101 2411 185 2480 ἅττα
201 2407 273 2479 ποτ’
290 2413 380 2477 έσται
397 2413 450 2477 ἀεί
464 2424 617 2495 σκοπεῖν,
646 2405 714 2476 ἀλλ’
734 2406 785 2475 ὅτι
802 2415 925 2493 φαῦλα,
932 2404 993 2473 έάν
1012 2405 1057 2492 μὴ

101 2513 284 2596 προσέχητε
294 2507 354 2576 τὸν
363 2515 450 2576 νοῦν
461 2511 517 2576 καὶ
526 2506 566 2574 τά
578 2506 789 2593 προσήκοντα
797 2519 904 2575 ποιεῖν
914 2507 1059 2592 ἐθέλητε,
1156 2573 1159 2576 ,

103 2601 144 2679 εὖ
155 2612 287 2678 εἰδέναι
357 2668 361 2676 .
672 2666 678 2674 ,

58 2731 91 2783 51
183 2703 268 2792 ’ἱνγά
286 2705 348 2792 μὲν
365 2698 430 2774 οὖν
448 2703 516 2773 οὔτ’
535 2705 652 2774 ἀλλοτε
669 2706 800 2772 πώποτε
812 2703 894 2790 πρὸς
904 2702 1000 2791 χάριν
1010 2707 1059 2770 εί-

102 2807 213 2895 λόμην
224 2807 333 2891 λέγειν
356 2803 376 2874 ὅ
384 2833 415 2874 τι
426 2801 470 2873 ἀν
481 2804 525 2892 μη
537 2809 592 2874 καί
605 2813 774 2874 συνοίσειν
791 2801 872 2889 ὑμῖν
881 2806 1060 2887 πεπεισμέ-

102 2932 162 2986 νος
179 2897 224 2990 ὦ,
239 2914 306 2973 νῦν
321 2903 390 2975 τεά
408 2906 583 2992 γιγνώσκω
599 2900 700 2972 πάνθ’
715 2901 836 2987 ἁπλοῖς,
855 2897 955 2969 οὐδέν
972 2897 1060 2967 ὑπο-

103 3003 327 3092 στειλάμενος,
346 3011 642 3091 πεπαρρησίασμαι.
673 3003 861 3088 ἐβουλόμην
871 2996 905 3065 δ’
917 2993 971 3080 ἀν,
990 2999 1059 3066 ἀσ-

103 3127 166 3188 περ
183 3101 236 3171 ὅτι
252 3100 334 3189 ὗμιν
352 3107 516 3189 συμφέρει
532 3101 572 3168 τά
589 3107 740 3188 βέλτιστα
753 3097 890 3166 ἀκούειν
900 3097 984 3186 olda,
997 3095 1058 3164 οὕ·
1068 3113 1105 3168 56

104 3229 167 3283 τως
178 3203 303 3271 εἰδέναι
314 3214 474 3269 συνοῖσον
483 3202 539 3269 καὶ
552 3207 598 3290 τῷ
610 3198 650 3267 τά
660 3201 811 3288 βέλτιστα
823 3196 964 3266 εἰπόντι·
977 3204 1060 3261 πολ·

103 3311 151 3392 λρι
169 3326 235 3386 γαρ
249 3326 295 3367 αν
311 3303 408 3384 ηδιον
426 3298 530 3367 εἶπον.
560 3306 626 3366 νῦν
644 3294 675 3364 δ’
690 3294 737 3364 ἐπ’
749 3276 884 3381 άδήλόις
901 3285 976 3359 οὖσι
991 3304 1060 3367 τοῖς

104 3397 170 3470 ἀπὸ
182 3399 315 3467 τούτων
326 3401 458 3489 ἐμαυτῷ
473 3400 723 3486 γενησομένοις,
735 3393 825 3481 ὅμως
842 3394 895 3461 ἐπὶ
912 3397 958 3479 τῷ
975 3409 1060 3456 συν-
