2356 3870
68 173 1025 524 braccae

334 671 771 759 PRAEFATIO

219 851 569 918 uurrronrs
607 850 900 917 susurru.

414 1039 417 1043 ,
485 1029 660 1044 5-

141 1174 181 1230 De
204 1174 348 1230 codicibus
369 1173 565 1229 Demosthenis
587 1189 670 1244 quum
691 1173 719 1226 in
735 1172 908 1227 Praefatione
924 1171 1055 1229 editionis

56 1259 187 1327 majoris,
205 1273 277 1330 quae
298 1259 391 1326 ampio
413 1260 547 1311 instructa
562 1263 698 1326 apparatu
720 1255 814 1310 critico
832 1254 930 1309 Oxonii
953 1256 1055 1326 prodiit

57 1356 85 1394 a·
102 1345 179 1408 1846,
192 1340 383 1408 exposuerim,
403 1354 438 1391 ea
454 1344 558 1392 tantum
574 1354 644 1407 quae
666 1337 701 1390 de
717 1337 792 1390 libris
809 1337 1022 1406 antiquissimis,
1039 1355 1056 1394 a

60 1422 161 1490 quibus
177 1422 277 1475 harum
293 1420 447 1474 orationum
464 1419 620 1474 emendatio
636 1421 692 1473 iere
711 1425 767 1473 tota
781 1418 899 1490 pendet,
927 1420 981 1474 illic
998 1420 1064 1481 dixi¹

59 1503 115 1558 hoc
137 1503 199 1557 loeo
220 1507 342 1572 repetam
354 1503 435 1556 novis
451 1503 659 1558 accessionibus
674 1507 766 1557 aucta.

141 1585 335 1641 Demosthenis
351 1587 505 1640 orationum
518 1585 646 1641 diversas
657 1586 806 1660 antiquitus
817 1586 996 1642 recensiones
1009 1602 1056 1640 ex·

58 1669 162 1723 stitisse
174 1669 416 1740 grammaticorum
441 1669 615 1739 quorundam
631 1674 800 1739 compertum
822 1667 957 1724 habemus
981 1671 1056 1723 testi·

58 1753 272 1822 moniis,·quae
290 1757 432 1806 tamensi
453 1753 587 1822 pauciora
608 1758 634 1806 et
654 1752 818 1808 obscuriora
840 1757 903 1805 sunt
924 1768 1005 1822 quam
1027 1759 1057 1806 ut

59 1833 187 1905 indagari
204 1835 295 1904 possit
309 1851 380 1905 quae
393 1837 588 1899 recensionum
610 1836 719 1890 illarum
741 1836 787 1888 vet
811 1829 865 1887 ad
861 1836 950 1904 prima
966 1841 1056 1890 orato·

46 1920 97 1974 'ris
119 1919 288 1994 exemplaria
302 1918 485 1974 Atheniensis
499 1919 570 1974 ratio
586 1919 652 1973 vei'
647 1934 770 2012 ipsarum
792 1919 883 1988 origo
891 1926 918 1973 et
938 1920 1056 1974 auctori·

57 2007 101 2055 tas
122 2001 211 2056 fuerit
242 2003 284 2057 Ac
306 2002 395 2072 pulmo
417 2002 529 2096 quidem
542 2002 722 2071 Harpocratio
734 1987 902 2054 Ἀττιιιιοινᾶ
918 2003 1055 2071 quaedam

58 2091 194 2138 memorat
219 2086 404 2154 exemplaria,
438 2085 566 2152 nomine,
595 2091 623 2138 ut
654 2090 728 2138 recte
756 2085 913 2171 conjecisse
945 2085 1056 2138 videtur

57 2166 306 2222 Hemsterhusius
300 2184 328 2220 m
345 2168 454 2221 Anecd.
469 2169 525 2221 vol.
544 2173 567 2223 l.
585 2183 613 2236 p.
629 2171 702 2234 244,
717 2169 752 2220 ab
765 2159 857 2221 Attico
867 2167 950 2222 ducto
965 2183 999 2220 eo
1006 2183 1057 2221 cu·

55 2252 102 2320 jus
125 2251 152 2302 in
170 2249 325 2304 scribendis
345 2250 488 2304 codicibus
510 2249 680 2319 diligentiam
703 2250 841 2303 Lucienus
862 2249 1033 2318 praedicat'
1028 2265 1056 2302 ιιι

58 2332 151 2386 libello
169 2348 251 2402 quern
271 2331 409 2385 adversus
424 2331 565 2384 indoctum
582 2331 666 2385 libros
677 2331 777 2384 multos
792 2336 930 2385 ementem
946 2332 1057 2424 scripsit

59 2416 116 2470 vol.
142 2419 168 2472 3
194 2408 309 2484 pitto
338 2408 390 2468 ἵνα
408 2414 454 2468 σοι
478 2395 547 2467 δῶ
546 2397 621 2466 αὐτὰ
641 2405 740 2466 ἐκεῖνα
769 2399 979 2504 νενριιιένοιι’
963 2426 1056 2467 occo

60 2496 206 2564 Καλλῖνος
227 2489 257 2564 ἐς
271 2486 378 2565 κάλλος
397 2513 417 2568 η
436 2513 452 2550 ο
475 2484 620 2587 ἀοίδιμος
624 2481 753 2562 Ἄττικος
775 2505 830 2550 σον
834 2488 998 2590 ἐπιμελείᾳ
1020 2492 1057 2592 τῇ

59 2571 141 2658 moion
160 2571 309 2654 γροψοιιεν
331 2588 384 2635 etc.
401 2587 471 2651 etp.
493 2585 554 2638 119
588 2589 624 2633 σν
647 2565 675 2630 δ’
694 2572 751 2632 οἴει
766 2568 932 2652 συνήγορον
953 2569 1057 2634 κοινὸν

17 2701 20 2705 >
61 2681 111 2717 και
132 2655 266 2755 μα’ρτνροι
294 2657 417 2718 ἔσεσθαί
403 2660 486 2718 ίσοι
507 2648 572 2716 τὸν
582 2646 716 2715 Ἀττιιιον
739 2655 790 2715 καὶ
817 2661 964 2717 Καλλῖνον
988 2679 1057 2731 τονς
1079 2715 1082 2722 ,

61 2737 308 2821 βιβλιογράφοοςε
335 2763 417 2816 quern
437 2745 588 2801 Aeschinis
615 2758 724 2815 quoque
751 2746 905 2799 orationum
928 2739 1057 2816 exempla
1156 2738 1158 2742 ’

62 2831 217 2886 coniecisse
241 2846 277 2883 ex
298 2830 515 2922 Harpocratione
538 2828 682 2895 novimus,
706 2827 751 2898 qui
767 2826 837 2881 haec
861 2828 968 2883 duobus
987 2829 1056 2884 locis

62 2919 209 2979 memorat,
233 2931 256 2968 s.
274 2929 301 2967 ν
314 2899 420 2987 Ἀργᾶς
436 2919 462 2967 et
484 2901 629 2977 Θύστιον,
655 2909 869 2966 Demosthenica
885 2927 953 2965 vero
969 2903 1058 2968 tribus'

61 2997 141 3063 locis,
158 3012 274 3067 quorum
288 2997 394 3066 primus
410 3003 487 3050 ests
501 2981 986 3048 v.'rivetoriooexorationecontra
1000 2996 1056 3048 Αιι-

62 3079 217 3134 droiionem
243 3096 271 3149 p
300 3083 361 3145 599,
382 3082 426 3136 23.
448 3078 492 3133 ubi
516 3071 548 3131 ἐν
570 3077 632 3142 τοῖς
652 3063 843 3143 Ἀττιιιιανοις
864 3062 964 3147 διττὴν
984 3094 1054 3150 γρα-

62 3148 125 3234 φὴν
136 3168 245 3217 exstare
263 3167 390 3228 annotat,
412 3162 540 3226 aiteram,
535 3174 634 3252 quae
649 3157 734 3214 hodie
751 3175 861 3230 quoque
884 3161 998 3230 vulgata
1015 3165 1058 3214 est

62 3237 207 3301 ἀνελοῦσα
232 3230 289 3345 γὰρ
311 3231 350 3336 (ἡ
318 3229 487 3317 (βουλὴ)
475 3228 565 3310 )τὸν
591 3232 684 3313 νόμον
706 3239 811 3296 τοῦτον
841 3231 1057 3336 ἐχειροτόνησεν

62 3315 156 3401 αυτὴν
173 3331 232 3398 (vel
247 3313 369 3399 αυτὴν),
386 3330 499 3382 alteram
515 3342 550 3380 ex
565 3326 651 3418 critici
648 3326 800 3417 alicujus,
819 3332 848 3379 ut
865 3326 976 3395 opinor,
992 3337 1057 3379 con-

61 3415 167 3484 jectura
181 3414 350 3485 protectam,
372 3397 518 3465 ἀνελοῦσα
543 3426 601 3501 γαρ
626 3393 678 3463 τὸν
702 3397 797 3487 νόμον
823 3403 972 3526 τρῦτον
949 3398 1056 3481 ἐχειρο-

814 3504 835 3543 a
