2356 3870
102 205 135 249 n
495 189 710 246 canusino
782 160 789 173 ‘

99 347 206 428 τόνησε
235 348 411 430 λαβοῦσαέ
411 344 615 435 κεῖνοναῦτῇ,
640 373 702 412 cum
724 373 779 427 qua
801 364 960 413 nostrorum
978 361 1106 415 nonnulli

82 454 84 458 ’
100 441 234 496 librorum
249 448 365 496 eatenus
381 440 557 496 consentiunt
572 447 600 496 ut
615 441 737 496 dativum
754 429 1002 518 praebeantur’rrp,
1017 444 1045 497 in
1062 460 1108 498 ce-

100 527 168 580 teris
185 523 253 580 nihil
270 525 389 596 apriore
404 525 452 579 illa
463 525 600 595 scriptura
615 523 816 594 discrepantes
862 523 1009 580 Secundus
1025 529 1106 582 locus

101 614 181 663 ests
199 625 227 664 v.
239 595 473 680 Ἐκπολεμῶσαι,
496 609 570 679 quod
592 624 627 662 ex
649 606 845 663 Demosthenis
869 606 1032 680 Philippicis
1062 606 1106 684 (id

102 697 145 746 est
161 692 332 748 orationibus
350 691 516 787 Olynthiaca
531 693 663 763 primep
681 697 723 760 10,
739 695 784 751 49.
804 698 831 746 et
848 693 928 746 tertia
942 709 970 762 p
986 698 1029 759 30,
1045 697 1106 762 49.)

101 773 183 830 affert
198 774 241 830 his
257 763 813 870 0011110,ἘκπολεμῶσαιΔημοσθὲνης
824 763 1054 842 Φιλιππικοῖς’
1036 770 1105 831 αντὶ

100 855 155 913 τοῦ
177 853 217 926 εἰς
232 849 362 931 πόλεμον
385 855 580 955 καταστῆσαι,
603 844 643 926 ὦς
664 850 716 914 καλ
736 844 817 945 παρὰ
842 853 1015 952 Θουκυδίδῃ
1033 860 1108 915 πολ-

102 931 196 1010 λάκις.
225 934 257 996 ἐν
277 937 378 1015 μέντοι
401 943 462 1010 τοῖς
478 929 682 1008 Ἀττικιανοῖς
698 929 747 995 διὰ
767 939 821 996 τοῦ
844 931 1043 1016 ηγράφεται,
1066 931 1107 1011 ὧς

58 1052 62 1056 ·
101 1018 152 1079 καὶ
167 1011 247 1099 παρὰ
263 1018 434 1097 Ξενοφῶντι
448 1016 524 1093 ἕνς
546 1028 656 1095 (11005,
673 1030 699 1091 4,
714 1027 771 1092 40)
788 1014 981 1097 Ελληνικῶν.
1012 1026 1107 1098 Scrip-

102 1117 179 1164 turae
195 1126 246 1179 per
263 1127 299 1180 η,
323 1111 403 1180 cujus
418 1110 545 1164 nullum
539 1127 567 1164 ιιι
583 1109 726 1165 codicibus
749 1109 898 1180 vestigium
922 1116 1032 1165 exstare
1057 1111 1107 1164 ad-

101 1192 157 1249 huc
172 1192 335 1261 videbatur,
354 1200 451 1249 testem
467 1207 540 1247 nunc
557 1210 611 1264 ego
627 1199 743 1263 utroque
757 1194 819 1248 loco
834 1192 955 1263 produxi
978 1193 1108 1248 codicem

101 1275 316 1345 ParisinurnS.,
339 1278 366 1330 10
391 1293 445 1348 quo
458 1275 526 1331 illud
543 1277 634 1348 ipsum
652 1269 849 1370 ἐκπολεμῆσαι
872 1294 889 1332 a
908 1279 998 1348 prima
1020 1293 1108 1332 manu

101 1361 236 1432 scriptum
253 1361 317 1428 1011,
334 1360 413 1416 seda
425 1367 581 1416 correctore
597 1359 766 1430 utrobique
759 1376 787 1413 ιιι
802 1351 1003 1433 ἐκπολεμῶσαι
1016 1367 1108 1415 muta·

100 1448 158 1499 tum
173 1451 225 1499 est.
268 1443 377 1498 Tertius
393 1443 525 1514 denique
528 1446 606 1509 locus
623 1460 658 1499 ex
682 1444 807 1498 oratione
829 1451 957 1515 sumptus
979 1449 1022 1499 est
1040 1460 1107 1498 con-

101 1534 144 1582 tra
158 1519 353 1582 Timocratem
372 1526 467 1582 habita
494 1544 521 1597 p
542 1516 898 1600 703,15.01)1χρη’ματα
918 1512 1107 1618 νανκραρικᾶ

101 1612 131 1664 in
151 1612 221 1666 libro
244 1627 295 1665 suo
322 1610 454 1687 scriptum
483 1611 552 1680 legit
578 1610 759 1681 Harpocratio
792 1627 816 1664 s.
839 1628 867 1666 v.
896 1596 1106 1686 Ναοκμαρικα,

102 1696 260 1766 exscriptus
275 1711 292 1749 a
306 1682 525 1763 Ρ1ιο110·1.ειι..μ
542 1697 603 1759 487,
612 1699 674 1760 41,
692 1692 744 1746 sed
760 1708 857 1747 veram
865 1708 984 1787 ,quam
990 1693 1107 1750 codices

101 1780 190 1834 nostri
206 1793 314 1833 omnes
321 1783 445 1844 tuentur,
460 1777 607 1831 tectionem
623 1793 756 1851 χρηματα
765 1763 989 1852 Νανκματιτικα
1000 1771 1032 1832 ἓν
1043 1778 1107 1845 τοῖς

99 1849 292 1927 Ἀττικιανοῐς
313 1854 459 1934 φέρεσθαι
480 1857 632 1914 annotavit.
680 1859 827 1915 Accedunt
849 1860 971 1918 adhaec
987 1862 1107 1916 aliorum

102 1945 277 2017 quorundam
298 1945 422 1998 locorum
443 1960 513 2014 quos
537 1943 632 1998 citavit
651 1943 833 2014 Harpocratio
858 1946 1007 2012 lectiones,
1034 1941 1122 2016 quas'

101 2031 149 2084 vel
163 2045 262 2083 omnes
277 2029 323 2082 vel
337 2028 509 2098 plerasque'
502 2044 532 2081 m
553 2015 654 2095 iisdem
670 2027 811 2082 exstitisse
826 2027 910 2082 Attici
932 2029 1105 2100 apographis

102 2111 234 2168 credibile
250 2117 301 2178 est,
318 2112 419 2181 quibus
438 2109 474 2165 ad
486 2109 663 2165 emendanda
672 2116 830 2166 nostrorum
842 2110 970 2167 codicum
981 2113 1049 2168 vitia
1060 2112 1105 2168 usi

102 2213 210 2251 sumus.
229 2196 342 2250 Εοιαιιι
360 2192 574 2250 indexhicest.

185 2295 212 2350 p
229 2283 271 2347 34,
287 2282 330 2336 43.
348 2267 497 2349 Βονχεταν
515 2274 588 2350 libri]
605 2268 737 2352 Βούχετα
751 2234 945 2351 Harpocratio.

184 2379 212 2432 p.
230 2368 289 2431 140,
305 2366 331 2421 7.
345 2359 455 2433 μαλακι
456 2351 579 2435 ζόμεθα]
594 2360 686 2434 μαλκλ
683 2365 795 2445 ομεν).

174 2554 200 2615 a)
219 2552 425 2630 Harpocrationis
449 2553 536 2638 glossa
559 2554 621 2602 hacc
642 2561 694 2614 est,
724 2549 892 2629 poiadppev:
904 2545 1104 2629 Δημοσθένης

102 2612 136 2670 θ’
160 2618 341 2669 Φιλιππικῶν
366 2632 437 2684 φησι
449 2617 592 2700 “μένο“μεν
616 2617 662 2670 καλ
687 2589 930 2695 μαλακιζόμεθαῗ
962 2610 993 2666 ἐν
1017 2610 1104 2676 ἐνίοις

87 2680 239 2755 ,γράφεται
270 2687 338 2752 (libri
360 2687 476 2753 plerique
499 2681 658 2768 γράφομεν,
683 2689 750 2751 quod
779 2702 811 2737 ex
836 2677 1018 2767 γραφόμενον
1047 2702 1104 2737 cor-

102 2767 205 2838 ruptum
224 2771 280 2807 esse
298 2755 393 2822 potest)
411 2746 615 2821 porcionem*
598 2770 668 2820 οπερ
687 2753 772 2820 δηλοῖ
791 2747 842 2804 τὸν
862 2746 950 2819 ὄρρον
966 2754 1102 2833 φρίττειν.

102 2826 182 2896 Quae
191 2827 226 2874 ita
249 2827 317 2875 diota
340 2832 398 2875 sunt
420 2834 447 2875 ut
469 2823 622 2889 μαλκίομεν
644 2839 782 2890 paucorum
801 2824 933 2883 librorum,
957 2815 1104 2887 μαλακιζό-

101 2884 178 2959 μεθα
201 2895 378 2958 plerorumque
401 2894 526 2971 scriptura
548 2894 630 2943 fuisse
655 2894 776 2943 videatur.
816 2860 984 2944 Nihilominus
1009 2900 1104 2940 certum

100 2962 190 3013 haberi
208 2969 293 3028 potest
308 2954 518 3026 μαλακιζόμεθα
534 2963 627 3012 veteris
645 2961 793 3014 correctoris
816 2976 886 3026 esse,
900 2960 1104 3010 :Demosthenem

101 3040 187 3081 autern
210 3028 364 3094 μαλκίομεν
379 3031 529 3095 scripsisse,
548 3031 616 3093 quod
634 3031 740 3080 restitui
760 3031 831 3080 Adeo
849 3031 915 3079 enim
933 3028 981 3080 hoo
998 3029 1104 3078 verbnm

102 3103 217 3166 ignotum
235 3099 346 3148 librariis
363 3098 411 3149 1011
428 3108 455 3149 01
472 3098 593 3150 formam
590 3099 652 3162 ejus
667 3100 712 3148 vix
729 3102 837 3162 usquam
855 3100 1025 3163 incorruptam
1043 3097 1104 3146 r'eli-

102 3170 210 3231 querint.
248 3168 276 3215 In
301 3166 418 3217 lemmate
436 3167 538 3252 glossae
556 3169 761 3232 Harpocrationis
780 3183 845 3218 unus
863 3174 960 3215 tantum
978 3166 1058 3215 codex
1080 3174 1105 3215 et

101 3238 218 3302 Epitome
237 3244 369 3287 servarunt
387 3234 552 3301 painiopev:
578 3236 693 3302 plerique
711 3221 895 3301 μαλακίζομεν
911 3235 952 3284 vel
970 3231 1105 3298 μαλακία-

239 3317 365 3371 proxrmrs
384 3305 469 3354 verbis
488 3320 553 3357 nnus
571 3312 667 3354 tantum
689 3305 753 3354 liber
763 3301 942 3369 μαλκίομεν,
968 3300 1035 3352 alius
1053 3316 1105 3366 μα-

263 3372 298 3424 od
315 3373 383 3423 idern
397 3382 447 3438 est,
471 3373 586 3455 plerique
603 3387 690 3424 rursus
713 3371 894 3438 μαλακίομεν.
935 3373 1049 3437 Longius
1071 3370 1104 3419 ab

75 3305 350 3645 *ab
354 3442 476 3512 tibrnrii
470 3457 495 3491 in
513 3443 570 3492 aliis
587 3443 767 3508 scriptoribus,
786 3442 876 3492 iormis
893 3439 958 3492 fiolis
980 3434 1106 3504 μαλακιῶ
