2340 3894
197 277 199 287 Ι
290 208 867 271 ΠΕΡΙ-ΤΟΥΣΤΕΦΑΝΟΤ.
995 209 1057 283 201

100 366 292 453 εὐπορήσας
306 370 343 433 ἐκ
358 367 490 433 τούτων
508 370 630 453 ῥηιδίως
647 380 714 444 τοῖς
735 374 860 445 λοιποῖς
882 371 1057 457 ἐπιχειροίη

58 492 92 545 28
100 466 304 555 πράγμασιν.
322 465 390 534 εἶτα
402 473 500 532 τοῦτο
512 465 574 550 μὲν
585 462 657 549 ούχὶ
668 468 755 548 λέγει
765 464 801 533 τδ
813 465 977 552 ψήφισμα,
986 466 1056 534 ούδ
1075 516 1078 523 ·

100 565 359 650 ἀναγιγνώσκει·
389 570 420 630 εί
440 563 476 630 δὲ
495 563 671 649 βουλεύων
690 562 754 648 ε’γώ
777 563 959 647 προσάγειν
980 565 1059 645 τούς

99 666 258 749 πρέσβεις
274 662 371 752 ᾤμην
382 665 468 746 δεῖν,
490 661 591 729 τοῦτό
612 688 678 747 μου
701 662 879 747 διαβάλλει.
922 661 1006 730 ἀλλὰ
1027 669 1061 732 τί

100 764 201 880 ἐχρῆν
218 785 259 845 με
276 774 398 838 ποιεῖν;
420 759 465 844 μὴ
482 757 662 846 προσάγειν
673 760 800 844 γράψαι
810 758 891 838 τούς
901 763 953 828 ἐπὶ
963 757 1054 828 τοῦθ’

98 858 261 944 τίνοντας,
272 856 318 924 ἵν’
332 855 413 942 ύμῖν
424 853 695 943 διαλεχθωσιυ;
679 885 700 942 η
696 856 798 924 θέαν
809 855 852 943 μη
864 873 1059 943 κατανεῖμαι

99 954 161 1024 τὸν
177 955 391 1043 ἀρχιτέκτονα
409 954 521 1033 αὐτοῖς
536 964 705 1034 κελεῦσαι;
728 953 801 1041 ἀλλ’
820 959 857 1022 ἐν
872 971 944 1024 τοῖν
962 962 1060 1025 δυοῖν

99 1054 237 1140 ὀβολοῖν
253 1050 467 1138 ε’θεωρουυ“
445 1080 542 1138 αν,ε
527 1061 557 1121 ί
572 1080 616 1139 μη
627 1052 718 1121 τοῦτ’
724 1053 864 1138 ἐγράφη.
877 1078 946 1138 ητα
955 1077 1058 1136 μικρα

100 1155 317 1238 συμφέροντα
327 1177 385 1238 της
396 1151 521 1230 πολεως
532 1156 597 1218 ἔδει
607 1177 647 1236 με
659 1153 853 1238 φυλάττειν,
876 1180 916 1220 τα
934 1151 965 1220 δ
984 1150 1057 1238 ὅλα,

101 1249 214 1332 ὥσπερ
225 1243 336 1335 οὗτοι,
349 1256 567 1337 πεπραμέναις
580 1277 622 1317 ου
611 1249 751 1336 ’δήπου
786 1256 859 1336 λε’γε
870 1261 987 1319 τοίνυν
1000 1277 1057 1336 μοι

98 1349 138 1416 τδ
149 1350 305 1436 ψήφισμα
316 1347 699 1437 τουτλλαβάυ,δσαφιδς
710 1341 1066 1434 οὗτοςείδάςπαρέβη..
1087 1418 1088 1422 χ

53 1511 88 1563 29
395 1570 398 1575 ,
462 1499 694 1560 ΨΗΦΙΣΜΑ
799 1508 803 1515 ’
1065 1509 1119 1563 235

229 1618 454 1709 [ΠΕσῖαρχοντος
464 1631 676 1730 Μνησιφίλου,
698 1621 960 1706 ἓκατομβαιάνος“
944 1645 994 1706 ευη
1007 1622 1058 1683 και

141 1711 211 1796 νὲφ,
238 1716 336 1791 φυλῆς
356 1709 594 1817 πρυτανευούσης
616 1711 830 1786 Πανδιονίδος,
859 1706 1055 1801 Δημοσθένης

141 1792 356 1873 Δημοσθένους
367 1789 569 1868 Παιανιεύς
542 1817 636 1892 ειπεν,
650 1788 760 1896 ἐπειδη
764 1794 910 1863 Φίλιππος
920 1784 1053 1850 άποστεί-

141 1880 195 1950 λας
214 1877 348 1980 πρέσβεις
368 1878 434 1976 περι
453 1883 504 1958 τῆς
518 1873 634 1960 εἰρηνης
652 1871 885 1976 ὁμολογουμένας
901 1874 1057 1952 πεποάηται

138 1957 308 2065 συνθήκας,
317 1956 456 2068 δεδόχθαι
464 1985 500 2046 τη
487 1966 605 2044 βουλη
617 1963 666 2023 καὶ
677 1986 717 2047 τφ
705 1956 854 2045 δημφ
824 1983 865 2020 τω
852 1951 1052 2037 Ἀθηναίων,

138 2066 219 2118 οπως
236 2037 310 2150 άγη
328 2043 429 2125 είρηνη
446 2021 646 2127 ἕτιιτελεσθη“
631 2071 651 2125 η
669 2022 953 2146 ἐπιχειροτονηθεῖσα
970 2041 1054 2124 ἔντη

137 2123 242 2230 πράτη
252 2127 373 2208 εκκλησί
371 2153 405 2212 α,
425 2128 559 2209 πρέσβεις
576 2130 693 2190 ἑλέσθαι
705 2129 737 2189 ἐκ
752 2124 872 2190 πάντων
885 2119 1054 2204 Ἀθηναίων

136 2206 198 2317 ηδη
214 2211 315 2290 πέντε,
334 2207 402 2285 τούς
422 2211 454 2272 δὲ
471 2212 726 2312 χειροτονηθέντας
737 2203 899 2311 ἀποδημεῖν
909 2209 1054 2306 μηδεμίαν

135 2287 306 2376 δπερβολην
317 2295 525 2394 ποιουμένους,
549 2289 624 2355 ὁπου
641 2289 680 2354 άν
696 2290 767 2355 ὅντα
777 2287 991 2353 πυνθάνωνται
1001 2283 1053 2349 τὸν

141 2381 309 2479 Φίλιππον,
322 2403 372 2439 και
383 2371 450 2450 τούς
462 2371 568 2480 ὅρκους
580 2380 681 2456 λαβεῖν
692 2399 721 2437 τε
732 2369 803 2458 παρ’
819 2368 910 2434 αὐτοῦ
922 2397 971 2437 και
962 2373 1051 2469 6913-

136 2485 189 2523 υαι
183 2484 256 2563 τηγ
270 2464 407 2562 ταχίστην
417 2461 464 2521 ἐπι
473 2467 536 2533 ταῖς
549 2455 784 2541 ὡμολογημέναις
795 2451 961 2535 συνθηπαις
973 2447 1052 2552 αύτῷ

135 2567 212 2627 προς
219 2568 273 2606 τον
279 2537 448 2645 Ἀθηναίων
457 2547 566 2623 δημον,
585 2536 913 2650 συμπεριλαμβάνογτας
924 2530 1053 2609 καὶτοὺς

137 2629 284 2727 ἑκατέρων
294 2623 472 2708 συμμάχους.
498 2628 631 2710 πρέσβεις
642 2624 795 2710 ηρέθησαν
806 2619 979 2723 Εὔβουλος
966 2615 1051 2683 Ἀνα-

136 2707 287 2812 φλύστιος,
298 2714 447 2812 Αἰσχίνης
450 2715 642 2791 Κοθωκίδης,
664 2714 850 2790 Κηφισοφῶν
856 2702 1052 2788 Ῥαμνούσιος,

136 2791 336 2878 Δημοκράτης
354 2788 477 2872 Φλυεύς,
493 2795 595 2857 Κλέων
606 2797 803 2879 Κοθωκίδης]

58 2933 87 2987 30
183 2925 297 2987 Ταῦτα
314 2921 537 3005 γράψαντος’
520 2928 603 3005 εμού
613 2919 685 2988 τότε
696 2921 795 2988 καὶ
760 2948 798 2988 το
809 2947 849 3008 τη
837 2918 954 2987 πόλει
964 2939 1050 3001 συμ-

94 3015 271 3103 φέρον,’
228 3044 271 3086 ου
281 3045 319 3087 το
308 3017 513 3106 Φιλίππςοζ
512 3026 683 3113 ητούντος,
695 3017 802 3105 βραχύ
814 3025 1051 3103 φροντίσαντες

93 3117 271 3201 χρηστοὶ
281 3109 538 3202 πρεσβειςουτοι
548 3123 697 3200 καθηυτο
708 3119 745 3182 ἐν
755 3119 952 3201 Μακεδονια
963 3125 1050 3200 τρεις

93 3209 194 3291 ὅλους
203 3222 321 3334 μῆγας,
333 3216 395 3292 ἕως
406 3208 491 3300 ηλθε
503 3221 666 3292 Φίλιππος
677 3217 713 3281 ἐκ
726 3214 858 3304 Θράκης
868 3216 976 3282 πάντα
987 3236 1050 3277 κα-

14 3326 17 3331 ’
92 3312 362 3397 ταστρεφάμενος
378 3311 486 3394 τάκεῖ,
511 3310 620 3391 ἐξόν’
601 3321 736 3397 ημεροῖν
753 3316 848 3399 δέκα,
872 3318 997 3397 μᾶλλον
1015 3309 1050 3375 δὲ

91 3405 233 3496 mmm}
249 3412 432 3496 τεττάρων,
455 3418 500 3488 είς
515 3408 826 3497 τόνἘλλήσποντον
845 3407 985 3492 άφῖχθαι
995 3405 1051 3473 καί
