2340 3894
426 144 712 255 uanosruuut'cs,
962 208 1060 251 mu

54 352 164 409 tionibus
171 355 197 422 ⁸)
215 353 426 411 conciliandam
437 355 474 410 de
485 356 578 412 studio
590 357 666 428 quod
677 358 878 414 Demosthenes
893 361 920 414 in
931 366 989 415 arte
1000 360 1061 416 lac-

57 437 129 493 uatis
144 437 351 508 pernoscenda
370 441 509 509 posuerit,
531 456 613 510 quam
632 457 688 495 non
710 448 753 497 est
772 444 924 499 verisimile
941 460 1058 515 magno-

112 618 142 682 ν)
159 620 200 669 Da
223 620 289 669 artis
308 616 450 669 rhetoricae
469 623 599 686 magistris
621 624 713 685 quibus
737 638 798 674 usus
818 625 851 674 sit
875 608 1061 674 Demosthenes

60 688 240 751 tmdiommqua
262 687 321 751 ejus
345 689 442 740 ratione
459 704 510 741 non
531 704 614 755 pauca
639 692 766 742 linxerunt
788 693 925 758 biographi
947 692 1006 742 inde
1023 693 1060 742 ab

59 756 183 823 Hermippo
209 756 257 821 (de
281 771 331 819 quo
355 757 467 808 videnda
493 762 526 808 A.
551 758 682 811 Schoeleri
705 764 884 813 commentatio
906 763 934 810 iu
951 760 1058 811 Schnei-

60 826 137 877 lerrini
154 824 299 893 Philologo
314 823 364 876 vol.
384 824 408 877 6.
428 840 455 891 p.
473 828 648 891 asa-430.)
667 845 747 892 usque
771 832 804 881 od
826 830 975 881 inferiorum
994 837 1060 879 tem·

59 908 133 958 perum
151 896 312 958 scriptores,
334 907 439 955 quorum
463 894 515 945 alia
534 911 623 961 pamm
644 898 800 962 probabilia,
819 898 870 950 alia
887 914 993 963 prorsus
1012 897 1058 947 ab·

59 964 121 1015 mtle
137 970 200 1013 sunt
213 970 407 1027 temporumque
424 964 565 1015 rationibus
585 969 720 1016 contraria.
755 968 859 1017 Famam
882 968 915 1017 de
936 969 1057 1026 Isocrate,

58 1034 132 1083 nerito
148 1032 276 1095 rejectam
289 1031 323 1081 ab
332 1030 472 1082 Niebuhrio
485 1035 511 1082 in
523 1032 633 1099 Scriptis
642 1035 805 1102 philologieis
820 1037 871 1088 vol.
892 1037 917 1086 l.
937 1052 964 1102 p,
982 1034 1057 1093 482,

58 1101 134 1165 pomi,
154 1109 184 1149 ut
204 1100 321 1158 ridetur,
344 1108 493 1165 sparsamut
511 1101 638 1153 Ctesibius
660 1112 685 1154 at
701 1106 869 1171 Hermippus,
893 1120 999 1168 ortorum
1018 1103 1057 1153 el-

57 1178 124 1221 term
140 1168 262 1219 nominat
278 1168 418 1233 Dionysius
437 1170 463 1218 in
479 1170 577 1235 judicio
603 1171 635 1222 de
651 1173 723 1225 Isaeo
741 1189 762 1225 c.
788 1175 822 1229 1..
844 1182 978 1237 utrumque
996 1173 1059 1223 Plu·

10 1292 12 1297 ,
56 1234 146 1289 mrbus*
161 1238 198 1287 V.
218 1237 293 1287 Dem.
313 1252 337 1287 c.
362 1236 387 1288 5.
402 1226 564 1301 Ἕρμιππος
579 1270 615 1279 -
632 1236 789 1308 Κτησιβίου
805 1232 943 1306 μέμνηται
959 1232 1056 1305 λόγον·

12 1300 21 1323 ‘
55 1320 92 1365 see
110 1298 194 1373 παρά
218 1303 345 1371 Καλλίου
369 1304 421 1355 τοῦ
437 1306 620 1370 Συρακοσίου
643 1307 695 1357 καί
713 1324 801 1357 τινων
818 1298 910 1358 ἄλλων
925 1303 1057 1366 τὰςἸσο-

10 1438 12 1443 Ι
54 1368 165 1439 κράτους
180 1366 287 1439 τέχνας
303 1369 353 1423 καλ
368 1368 418 1433 τὰς
435 1368 651 1439 Ἀλκιδάμαντος
674 1368 772 1440 κράφα
789 1370 911 1442 λαβόντα
927 1369 979 1425 τόν
997 1377 1057 1439 Δη-

10 1664 17 1793 γ

54 1435 174 1508 melus,
192 1441 383 1507 καταμαθεῖν.
419 1443 490 1503 Ques
506 1446 599 1509 partim
619 1445 714 1495 similia
732 1451 791 1495 sunt
814 1444 1058 1497 Pseudo-Plutarch.

54 1513 182 1563 miani
201 1527 230 1578 p.
249 1510 302 1563 844
320 1510 348 1563 0.
367 1501 405 1568 σός
422 1508 577 1580 Κτησίβιός
589 1527 678 1579 φησιν
695 1506 726 1563 ἐν
740 1512 780 1581 τῷ
793 1509 858 1578 περὶ
874 1511 1056 1577 φιλοσοφίας,

52 1574 245 1660 ,λιὰῑαλλίου
267 1577 321 1630 τοῦ
344 1578 525 1645 Συρακοσίου
555 1574 744 1647 πορισάμενος
770 1575 839 1640 τούς
867 1577 979 1631 Ζωΐλου
1004 1577 1057 1657 τοῦ

54 1647 245 1716 ίμφιινλίνυυ
268 1644 386 1712 λόγους,
406 1640 456 1699 διὰ
475 1644 507 1699 (λλ
528 1649 705 1714 Χαρικλέους
726 1649 779 1701 τοῦ
799 1651 964 1717 Καρυστίου
987 1661 1059 1705 τους

52 1708 260 1783 Ἀλκιδάμαντος
278 1707 415 1784 ἀνέλαβεν
436 1709 556 1781 αότοός,
588 1728 612 1769 et
634 1719 730 1771 Saldae
756 1736 778 1769 s.
801 1738 827 1772 v.
852 1710 1057 1784 Aspordenos,

10 1798 14 1823 ²
74 1781 178 1853 ἤκουσα
197 1778 230 1834 d'
251 1777 358 1837 Ἰσαίου
375 1784 427 1836 τοῦ
447 1777 628 1851 Ἰσοκράτους
645 1786 793 1853 μαθητοό,
819 1786 868 1839 καλ
885 1789 946 1845 τοῖς
961 1778 1059 1852 λόγοις

10 1842 16 1865 ι

10 1892 15 1927 l

55 1846 143 1973 zoiw
157 1849 275 1905 Ζωΐλου
292 1852 345 1904 τοῦ
357 1845 558 1920 Ἀμφιπολίτου
577 1852 797 1921 σοφιστεύοντος
814 1849 845 1908 ἐν
860 1849 995 1921 Ἀθήναις
1006 1849 1058 1904 καλ

76 1916 326 2003 ολυνράτσυςμαλ
351 1914 567 1989 Ἀλκιδάμαντος
594 1923 647 1974 sori
684 1925 810 1990 Γοργίου
840 1922 990 1991 μαθητοῦ·
1006 1918 1058 1973 καλ

10 2008 15 2041 ι
54 1982 133 2043 rhos
146 1985 250 2057 μέντοι
268 1985 450 2056 Ισονράτους.
486 1986 722 2059 συνεφιλολόγησε
736 1986 767 2043 d'
785 1991 902 2045 Αίσίανι
919 1992 960 2062 τῷ
972 1985 1058 2057 Ἀθη-

10 2066 15 2113 ἱ
56 2060 116 2131 trip
131 2061 224 2127 (cujus
247 2061 281 2111 de
301 2060 478 2114 Demosthenis
498 2063 658 2113 orationibus
673 2065 799 2129 judicium
817 2071 941 2115 memoret
956 2062 1058 2112 Plutar-

10 2126 26 2157 '·
56 2129 154 2185 hosv.
173 2130 251 2185 Dam.
272 2146 298 2182 c.
321 2130 361 2180 11.
396 2127 444 2180 καλ
467 2123 628 2198 Θεοπόμπῳ
652 2130 692 2200 τῷ
714 2131 777 2200 Χίῳ
797 2125 956 2199 φιλοσόφῳ.
993 2128 1056 2194 διη-

11 2244 14 2249 ,
55 2188 186 2319 mo
202 2189 352 2319 δῖναέἐά
359 2196 489 2318 Βυυλίοιλίου
500 2197 553 2249 τοῦ
565 2196 743 2320 ῗαλῖεκτφὸιέὗ
755 2202 836 2318 (hugo
846 2204 923 2318 elliam
942 2199 1057 2316 Ξοοσιόο.

11 2290 16 2319 ;
159 2282 255 2333 nep„
327 2304 335 2319 .
382 2305 404 2328 .,
460 2283 554 2333 ogeues
597 2305 649 2329 .‚
722 2287 768 2319 .a
825 2282 926 2335 pneJus
967 2281 1054 2330 poog.

56 2336 126 2391 alb.
146 2342 176 2403 p.
194 2337 259 2390 421.
277 2335 419 2400 nominant)
435 2334 485 2388 καλ
507 2328 672 2392 Πλάτωνος,
706 2338 744 2386 De
762 2336 931 2388 Demosthene
944 2335 1061 2384 Platonis

56 2405 158 2457 tnditore
177 2405 268 2471 opinio
288 2420 364 2468 quam
382 2406 432 2456 lari
455 2406 620 2457 lbndamento
642 2405 736 2454 nitatur
754 2407 811 2469 ipsa
828 2402 957 2453 Plutarchi
979 2400 1059 2479 rerba

57 2474 179 2525 ostendum
202 2474 257 2524 vir.
287 2489 311 2523 o.
336 2476 361 2526 5.
379 2462 543 2538 Ἕρμιππος
566 2464 599 2523 δέ
621 2485 711 2536 φησιν
733 2464 903 2528 ἀδεσπότοις
928 2461 1059 2534 ὑπομνη·

56 2553 127 2602 μασιν
146 2534 293 2608 ἐντυχεῖν,
321 2532 353 2592 ἐν
374 2538 419 2600 οἷς
440 2535 593 2608 ἐγέγραπτο
615 2533 668 2590 τόν
688 2533 865 2606 Δημοσθένη
891 2536 1059 2604 norregano-
1160 2550 1162 2555 ·

56 2607 121 2661 seem
132 2603 270 2661 molseon
284 2605 332 2660 καλ
346 2610 478 2662 πλεῖστον
493 2607 533 2668 είς
549 2601 617 2668 τοὺς
631 2600 733 2674 λόγους
744 2602 922 2674 άφολῆσθαι.
958 2607 1058 2658 lllhilo-

57 2680 126 2731 uinus
146 2680 245 2746 cupide
268 2695 325 2730 eam
350 2682 509 2746 arripuerunt
526 2679 663 2744 biographi
690 2678 891 2742 Graeciamque
913 2677 961 2728 hos
980 2677 1058 2727 solita

56 2737 157 2818 όνρισίφ
172 2749 258 2799 secuti
273 2756 334 2799 sunt
350 2750 488 2814 scriptores
502 2748 600 2807 Latini,
620 2747 722 2809 Cicero,
741 2748 921 2809 Quintilianus,
941 2745 1056 2804 Tacitus,

57 2813 145 2883 Gellius,
159 2818 305 2882 Apulejus‚
321 2831 429 2880 quorum
447 2818 589 2879 levitatem,
609 2817 718 2866 breviter
735 2825 846 2868 notatam
865 2816 897 2865 ab
914 2814 1059 2865 Niebubrio

56 2880 68 2931 l.
83 2900 114 2947 a,
127 2886 239 2939 clariore
264 2887 292 2935 in
314 2886 371 2936 lues
392 2888 526 2937 collocavit
546 2885 750 2936 Funkbaanelius
770 2888 797 2935 in
820 2883 1000 2936 dissertatione
1022 2884 1059 2934 da

56 2950 213 3007 Dmombem
246 2954 358 3004 Platonis
390 2955 518 3021 discipulo
549 2955 645 3005 inserta
677 2957 749 3004 Actis
778 2953 917 3004 Societatis
943 2951 1059 3002 Graecae

56 3020 96 3073 '⁰¹-
117 3024 141 3076 1.
165 3039 193 3091 p.
213 3023 277 3077 289.
290 3023 394 3081 -aoo,
430 3025 566 3087 Aliquanto
591 3023 727 3074 absurdius
750 3038 816 3074 unns
838 3036 872 3072 ex
892 3019 1081 3089 philosophis¹

56 3092 225 3157 impermista,
244 3106 321 3155 quem
338 3091 477 3157 Dionysius
500 3094 526 3141 in
544 3090 657 3156 Epistola
678 3093 712 3141 ad
728 3094 878 3143 Aminaeum
900 3091 922 3143 l.
945 3105 973 3155 p.
992 3088 1056 3140 719.

56 3171 113 3223 teqq.
135 3161 251 3213 relatore
281 3175 376 3225 operae
406 3162 512 3225 pretium
543 3161 630 3217 duait,
661 3159 855 3213 Demosthenem
884 3158 1056 3221 eloquentiam

57 3240 81 3275 tx
95 3231 239 3281 Atistotelis
261 3231 326 3279 Arte
347 3228 473 3279 rhetorica
495 3228 617 3279 didicisse
635 3227 722 3293 fluxit,
750 3231 847 3294 scripte
863 3233 922 3292 post
940 3239 1056 3292 pugnam

57 3294 82 3344 td
96 3295 266 3351 Chaeroneam
284 3297 395 3362 (olymp.
414 3296 472 3356 110,
491 3295 543 3360 3.),
561 3312 611 3359 quo
627 3303 740 3362 tempore
758 3295 943 3349 Demosthenes
960 3293 1058 3342 oratio·

58 3375 93 3413 let
107 3382 165 3419 anes
188 3369 328 3434 pleresque
348 3365 404 3429 jem
428 3366 565 3424 babuerat,
590 3380 669 3416 annos
687 3375 762 3418 natus
784 3374 881 3432 septem
901 3371 925 3412 et
944 3359 1057 3438 quadras

58 3432 123 3494 nou,
157 3436 291 3504 Aristoteli
321 3433 525 3500 Theophrastum
550 3432 614 3483 adeo
641 3443 666 3483 et
687 3434 870 3490 Xenocratem,
899 3429 934 3479 ed
952 3441 1016 3490 quos
1034 3439 1055 3476 ο
