2340 3894
302 208 450 271 ΠΕΡΙ
471 207 581 268 ΤΗΣ
599 208 853 271 ΕΙΡΗΝΗΣ.
1020 206 1062 272 58

99 378 255 457 βοηθεῖν,
268 367 311 436 ού
322 367 656 451 συνεπιστρατεύσειν
668 366 864 454 ούδετέροις.
887 372 942 438 καὶ
952 366 1017 455 γὰρ
1027 375 1064 438 αί

101 471 285 554 συμμαχίαι
295 471 418 533 τοῦτον
427 469 540 550 ἔχουσι
549 465 612 533 τὸν
621 466 765 551 τρόπον,
785 457 833 534 ῶν
850 468 906 534 καί
922 479 1062 553 φροντί-

60 593 91 646 1.7
102 565 318 647 σειενίίντις,
329 561 434 632 καὶτὸ
446 571 582 650 πρᾶγμα
593 563 694 650 φύσει
710 566 975 633 τοιοῦτόνέστιν.
998 563 1061 634 οῦκ

102 667 180 753 ἄχρι
189 673 248 752 τῆς
259 675 332 751 ίσης
341 663 481 742 ἔκαστός
492 667 582 731 ἐστιν
593 664 713 743 εὔνους
724 663 800 731 ούθέ
811 662 892 750 ἡμῖν
903 663 979 733 ούτε
991 673 1061 751 Θη-

98 774 220 853 βαίοις,
233 772 314 850 [σῶς
322 790 359 832 τε
368 761 452 832 εἶναι
462 765 517 830 καί
528 777 663 847 κρατεῖν
672 770 741 830 τῶν
752 762 886 848 ἄλλων]
897 761 982 832 ἀλλὰ
995 773 1062 843 σῶς

98 857 162 952 μὲν
173 863 260 932 εἶναι
270 864 391 940 πάντες
400 857 444 929 δν
454 862 631 948 βούλοιντο
643 858 723 946 ἕνεχ’
736 859 859 948 αὐτῶν,
872 863 1061 950 κρατήσαν-
1113 867 1120 873 ’

98 990 158 1042 τας
169 961 207 1031 δὲ
217 960 298 1040 τούς
308 963 441 1045 ἐτέρους
452 961 614 1040 δεσπότας
622 960 784 1047 ὑπάρχειν
795 959 994 1031 αύτῶνούδὲ
1003 959 1058 1042 εἷς.

97 1055 363 1149 τίούνὴνοῦμαι
373 1059 523 1149 φοβερὰν
538 1065 593 1129 καί
609 1068 644 1131 τί
651 1049 864 1147 φυλάξασθαι
875 1067 946 1130 δεῖν
956 1060 1058 1148 ἡμῶς;

99 1161 193 1240 ὅπως
204 1159 249 1248 μή
267 1159 386 1246 κοινὴν
403 1161 575 1245 πρόφασιν
588 1162 643 1227 καί
659 1157 776 1227 κοινδν
787 1166 933 1246 ἔγκλημα
950 1157 1059 1246 ὁμέλ-

64 1279 93 1334 18
100 1271 173 1331 λων
185 1261 330 1347 πόλεμος
340 1256 424 1344 πρδς
440 1257 589 1337 ἅπαντας
605 1259 698 1346 λύβφ.
730 1264 760 1325 εί
775 1257 838 1343 χδρ
848 1256 986 1343 Ἀργεῖοι
998 1260 1059 1345 μὲν

101 1364 158 1429 καί
168 1360 359 1446 Μεσσήνιοι
375 1359 430 1426 καί
440 1365 712 1444 Μεγαλοπολῖται
727 1363 787 1424 καί
799 1383 885 1435 τινες
902 1367 971 1425 τῶν
987 1367 1059 1426 λοι-

100 1468 177 1527 πῶν
194 1464 494 1543 Πελοποννησίων,
516 1455 591 1523 ὅσοι
608 1452 711 1523 ταύτεὶ
729 1453 859 1534 τούτοις
879 1465 1058 1542 φρονοῦσι,

99 1557 156 1625 διὰ
173 1556 238 1644 τήν
252 1555 339 1642 πρὸς
349 1561 635 1641 Λακεδαιμονίους
655 1553 734 1641 ἡμῖν
755 1559 989 1641 ἐπικηρυκείαν
1006 1559 1061 1642 ἐχ·-
1121 1570 1124 1575 ’

98 1664 197 1743 θρῶς
207 1655 370 1751 σχήσουσι
385 1658 441 1723 καί
452 1652 490 1723 τδ
511 1659 622 1722 δοκεῖν
637 1657 833 1741 ἐκδέχεσθαί
844 1683 877 1723 τι
892 1664 961 1723 τῶν
972 1659 1059 1722 ἐκείο

99 1782 173 1836 νοις
184 1758 438 1840 πεπραγμένων,
447 1751 825 1840 Θηβαῖοιδέχουσιμὲν,
835 1751 879 1831 ῶς
890 1757 1059 1838 λέγουσιν,
1088 1837 1090 1841 Ι

100 1854 276 1940 α’πεχθῶς,
294 1858 341 1921 ἐτι
352 1850 385 1921 δ’
397 1855 601 1940 ἐχθροτέρως
613 1852 809 1940 σχήσουσιν,
832 1851 883 1922 ύτι
893 1851 973 1932 τούς
983 1849 1059 1937 παρ’

101 1957 244 2022 ἐκείνων
265 1952 453 2038 φεύγοντας
475 1952 624 2040 σώζομεν
645 1956 700 2023 καί
724 1953 833 2022 πάντα
852 1953 978 2042 τρόπον
997 1949 1069 2040 τὴν·

64 2066 94 2120 19
104 2057 308 2139 δυσμένειαν
318 2049 545 2137 ἐνδεικνύμεθ’
560 2050 682 2139 αὐτοῖς,
696 2043 853 2122 Θετταλοὶ
865 2052 909 2139 δ’,
921 2052 972 2122 ὅτι
982 2050 1062 2130 τούς

105 2151 255 2220 Φωκίων
266 2150 420 2235 φυγάδας
431 2152 761 2237 σῶζομενρΦίλιππος
774 2151 814 2238 δ,
827 2151 878 2222 ὅτι
888 2151 1062 2237 κωλύομεν

101 2251 209 2322 αύτόν
216 2264 394 2319 κοινωνεῖν
404 2258 461 2336 τῆς
473 2248 725 2336 ἀμφικτυονίας,
738 2257 908 2335 φοβοῦμαι
918 2247 962 2333 μὴ
974 2249 1060 2315 πύν-
1069 2261 1104 2315 ὃν

101 2379 155 2432 τες
175 2351 254 2433 περὶ
274 2356 344 2416 τῶν
366 2352 460 2417 ίδίων
481 2351 619 2427 ἕκαστος
638 2346 849 2433 ὀργιζόμενος
869 2337 986 2412 κοινδν
1010 2342 1060 2428 ἐφ’

101 2449 189 2538 ἡμεῖς
198 2445 350 2534 ἆχύνωσι
360 2446 421 2514 τὸν
433 2449 590 2534 πόλεμον,
609 2445 649 2514 τὰ
661 2454 730 2513 τῶν
739 2443 990 2529 Ἀμφικτυόνων
1001 2443 1062 2510 δό-

101 2573 211 2635 γματα
222 2545 508 2634 προστησάμενοι,
527 2544 579 2614 εἶτ’
593 2549 847 2613 ἐπισπασθῶσιν
858 2545 990 2609 ἕκαστον
1000 2547 1063 2608 πέ-

104 2675 146 2735 ρα
159 2653 226 2715 τοῦ
245 2645 476 2731 συμφέροντος
492 2647 621 2722 ἑαυτοῖς
636 2640 718 2730 ἡμῖν
730 2648 930 2727 πολεμῆσαι,
950 2639 1061 2725 ῶσπερ

65 2752 157 2817 εοκαί
167 2747 246 2831 περὶ
258 2748 403 2823 Φωκέας.
437 2753 505 2812 ίστε
516 2745 580 2828 γὰρ
598 2743 708 2830 δήπου
723 2738 832 2826 τοῦθ’,
849 2739 901 2809 ὅτι
915 2747 982 2808 νῦν
992 2747 1062 2827 Θη-

15 2843 17 2847 ’
101 2853 192 2932 βαίοι
208 2847 267 2913 καὶ
284 2850 447 2920 Φίλιππος
469 2845 524 2910 καὶ
542 2843 698 2910 Θετταλοὶ
716 2838 790 2926 ούχὶ
806 2837 911 2907 ταύτὰ
930 2841 1063 2908 ἔκαστοι

101 2948 246 3030 μάλιστα
269 2943 515 3020 ἐσπουδακότες
534 2939 639 3009 ταύτδι
663 2940 783 3018 πάντες
805 2943 966 3023 ἔπραξαν,
990 2933 1064 3008 οἷον

10 3114 12 3129 ,
103 3052 246 3132 ,Θηβαῖοι
261 3043 322 3112 τὸν
338 3043 400 3129 μὲν
418 3048 584 3110 Φίλιππον
603 3047 784 3127 παρελθεῖν
801 3039 858 3105 καὶ
874 3045 988 3124 λαβεῖν
1005 3036 1064 3114 τὰς

10 3134 13 3231 ἰ
102 3143 275 3233 παρόδους
284 3139 349 3211 ούκ
366 3140 527 3211 ἐδύναντο
544 3147 708 3224 κωλῦσαι,
730 3137 810 3206 ούδέ
823 3163 866 3224 χε·
872 3146 940 3205 τῶν
951 3134 1064 3214 αύτοῖς

10 3236 13 3291 ῗ
65 3259 95 3312 21
104 3243 346 3328 πεπονημένων
356 3241 502 3321 ὕστατον
511 3238 655 3309 ἐλθόντα
671 3237 734 3324 τὴν
748 3237 849 3318 δόξαν
866 3241 968 3322 ἔχειν·
986 3234 1065 3300 νυνί

104 3342 168 3426 γὰρ
178 3346 340 3427 Θηβαίοις
349 3338 434 3427 πρὸς
450 3340 512 3426 μὲν
527 3337 564 3408 τὸ
576 3335 639 3424 τὴν
648 3336 762 3423 χῶραν
772 3344 971 3421 κεκομίσθαι
982 3329 1065 3397 κύλ-

105 3448 199 3507 λιστιι
214 3443 418 3524 πέπρακται,
439 3438 524 3522 πρὸς
541 3435 693 3522 δὲ’τιμῆν
709 3439 764 3503 καὶ
781 3434 882 3512 δόξαν
898 3441 1063 3516 αἴσχιστα·
