2340 3894
415 194 704 255 DEMOSTHENICA.
981 214 1066 257 nm

57 361 213 436 putabimus
230 364 411 433 coniunctum
428 378 491 418 cum
507 365 615 435 reliqua
631 366 758 435 corporis
778 365 934 422 infirmitate
952 369 1066 438 linguae

57 447 148 505 vitium
176 445 313 501 effecisse
333 451 364 501 ut
386 436 565 517 Βάτταλος·)
594 449 792 520 appellaretur.
833 447 882 504 Cui
905 451 1066 520 interpreta-

59 528 119 587 tioni
139 536 218 585 certe
241 544 298 585 non
320 536 477 602 repugnant
498 533 586 587 verba
607 533 707 602 quibus
729 530 931 587 Demosthenes
953 533 1014 604 ipse
1036 535 1066 588 in

60 614 179 669 oratione
205 628 259 684 pro
283 627 390 667 corona
412 617 436 678 s.
465 619 526 673 180.
548 631 575 685 p.
587 618 649 674 188.
673 613 728 671 hoc
750 601 940 688 ὑποκόρισμα
962 631 1063 671 memo·
1118 616 1121 625 '

60 703 105 753 rat
135 696 179 752 De
202 696 313 752 Dattalo
334 696 447 751 tibicine
468 702 515 753 aut
537 702 636 769 pocta,
660 700 706 769 qui
731 697 786 753 duo
810 698 939 755 homines
961 715 1067 755 anun·

61 796 135 852 qnam
159 780 322 835 exstiterint
344 779 450 835 dubitat
476 780 635 836 bleinelrius
664 782 733 838 Hist
756 798 829 838 com.
854 798 881 853 p.
894 786 963 845 334..
993 799 1066 853 qnae

60 863 220 920 Plutarchus
232 864 336 935 aliique
349 865 496 918 commenti
509 871 572 920 sunt
583 867 827 936 grammaticorum
841 867 953 939 sapiunt
965 866 1067 921 doctri-

61 964 117 1005 nam
148 962 307 1020 parumque
336 948 507 1003 conveniunt
535 952 582 1003 eut
610 949 709 1005 nutrici
737 948 952 1015 Demosthenis,
982 964 1066 1018 quam

60 1031 163 1087 duobus
192 1032 221 1085 in
244 1030 315 1085 locis
337 1036 474 1109 memorat
498 1030 665 1099 Aeschines,
691 1038 738 1087 aut
765 1034 861 1104 pueris
884 1031 1067 1088 Demostheni
1137 1050 1144 1061 ¹

60 1114 237 1187 sequattbus,
267 1130 339 1184 quos
360 1114 414 1168 hoc
437 1115 564 1170 convicio
586 1131 655 1170 usos
679 1133 744 1171 esse
766 1115 931 1172 Plutarchus
961 1124 1066 1172 narrat.

60 1198 146 1255 lhbilo
169 1198 375 1269 probabiliores
393 1203 456 1253 sunt
477 1213 546 1269 quas
565 1198 600 1253 de
618 1199 676 1254 alio
692 1200 831 1266 convicio,
851 1185 966 1274 Ἀργᾶς,
989 1199 1066 1271 quod

61 1282 196 1339 nescimus
220 1280 267 1337 cni
291 1282 372 1353 casui
392 1281 528 1355 originem
552 1297 632 1336 suam
658 1281 773 1349 debeat,
800 1284 976 1352 conjecturas
998 1299 1064 1354 pro-

60 1366 148 1439 posuit
166 1363 335 1420 Plutarchus
341 1357 378 1434 ¹').

59 1518 202 1591 Φαληρεύς
219 1538 292 1588 φησι
307 1521 356 1575 ml
374 1520 405 1575 ol
419 1517 498 1576 ἄλλοι
516 1521 621 1582 πάντες
642 1519 673 1575 ol
691 1518 743 1575 τὸν
761 1521 826 1591 βίον
838 1516 929 1574 αὑτοῦ
947 1518 1066 1591 συγγρά-

60 1602 170 1659 ψαντες.
196 1603 220 1643 et
242 1593 332 1645 Cicero
352 1596 378 1644 in
397 1595 513 1661 Epistola
534 1596 567 1644 nd
585 1594 618 1644 Μ.
641 1594 752 1644 Tullium
774 1593 878 1645 fratrem
896 1594 929 1644 de
946 1595 1068 1659 petitione

61 1664 204 1717 munstur
224 1662 248 1721 l,
261 1665 288 1713 2.
303 1654 396 1726 “Quae
412 1665 445 1713 de
461 1663 632 1715 nasamone
651 1664 734 1715 stadio
752 1671 778 1713 ct
800 1664 982 1713 maritatione
1003 1666 1068 1715 sert-

60 1734 108 1796 psit
121 1732 265 1783 nemone
286 1721 452 1783 recedere?
487 1731 548 1783 Post
564 1731 718 1781 Demetrium
739 1732 782 1781 alii
802 1747 902 1796 quoqne
920 1732 951 1781 de
970 1732 1069 1781 exerci-

61 1802 151 1851 tatione
169 1800 281 1850 oratoria
300 1799 477 1851 Demosthenis
491 1800 590 1851 labnlas
610 1815 659 1851 non
679 1814 774 1864 paucas
793 1802 983 1865 excogitarunt,
1005 1799 1067 1862 (nu-

63 1870 167 1934 perrime
181 1871 340 1918 examinatas
353 1870 384 1918 ab
400 1869 510 1919 Arnoldo
528 1866 666 1918 Scbaeiero
684 1870 710 1916 in
729 1866 874 1933 specimine
887 1869 971 1935 operis
994 1884 1068 1934 egre-

63 1940 96 2003 gii
115 1927 314 1989 “DentostPcnes
339 1938 391 1987 und
417 1939 458 1987 die
481 1936 649 1988 Anennmen
663 1936 861 1996 ,Staatsmd'nner
885 1940 970 1987 scinco·
990 1925 1067 1989 ner?

64 2006 91 2057 tt
120 2007 161 2057 'aa
178 2006 248 2056 edito
262 2020 286 2056 a.
301 2003 407 2068 1854.):
426 2007 519 2068 quibus
538 2014 565 2055 ut
583 2006 694 2057 colorem
718 2007 844 2069 quendam
859 2007 996 2067 adderent,
1014 2008 1069 2056 sin·

63 2090 119 2141 gua
133 2089 251 2139 quaeque
263 2075 452 2124 accuratissime
469 2089 497 2124 se
516 2076 616 2141 cognita
635 2075 729 2125 habere
746 2074 880 2125 linxerunt.
918 2074 1069 2141 Cujusmodi

62 2152 98 2193 cst
113 2143 182 2208 qnod
202 2142 466 2193 Pseudo-Plutarchus
483 2158 511 2208 p.
532 2142 594 2194 844.
616 2143 645 2193 F..
667 2143 875 2205 Demosthenem,
895 2158 968 2209 quern
992 2142 1069 2208 spiri·

62 2220 100 2264 ttrs
117 2210 271 2272 deiecisset,
291 2209 470 2276 Neoptolemo,
489 2210 607 2262 histrioni
632 2213 744 2276 tragico,
768 2213 855 2262 decern
876 2212 958 2261 millia
977 2210 1069 2261 drach-

64 2296 155 2331 msmm
173 2279 283 2331 solvisse
300 2287 397 2339 narrat,
421 2270 460 2329 ἵν’
485 2269 551 2336 ὅλας
572 2272 725 2342 περιόδους
747 2271 912 2334 ἀπνεύστως
926 2275 1001 2343 λέγῃ.
1026 2285 1070 2326 snt

63 2351 125 2413 qnod
141 2365 171 2415 p.
191 2347 243 2402 83¹1
262 2348 294 2399 D.
312 2347 439 2399 labulatnr
456 2347 653 2399 Demosthenem
679 2362 710 2397 ne
727 2347 796 2396 mille
815 2346 917 2408 quidem
930 2344 1069 2395 drachmas

63 2418 170 2478 lsocrsti,
193 2433 210 2467 a
228 2431 279 2481 qno
305 2425 383 2467 artem
399 2417 550 2468 rhetoricam
571 2416 669 2465 discere
690 2413 812 2475 voluerit,
833 2413 932 2464 solvere
946 2414 1069 2478 potuisse,

62 2486 103 2536 ssd
117 2487 234 2550 quintam
247 2493 345 2535 tantum
360 2484 436 2551 hujus
455 2499 569 2535 summae
581 2491 678 2548 partem
700 2496 746 2546 pro
760 2483 847 2547 quinta
861 2483 922 2530 artis
940 2488 1011 2546 parte
1026 2482 1071 2531 ob·

62 2554 159 2612 attus,
182 2554 232 2603 ent
259 2568 287 2618 p.
312 2551 364 2605 838
392 2556 420 2603 E.
451 2560 537 2602 narrat
564 2553 699 2602 Isocratem
724 2550 755 2599 ab
782 2550 880 2600 civibus
904 2565 967 2612 quos
991 2557 1071 2599 artem

62 2636 128 2673 snam
148 2623 253 2674 doceret
268 2623 409 2672 mercedem
426 2622 521 2671 nnllam
540 2623 674 2687 exegisse,
699 2620 830 2683 accepisse
847 2630 908 2668 vero
924 2633 939 2667 a
955 2619 1071 2684 peregrl-

63 2693 106 2752 nis,
123 2692 195 2756 quod
211 2692 337 2742 Isocrates
353 2692 410 2755 ipse
428 2690 536 2740 alllrmat
560 2692 587 2739 in
606 2691 718 2742 oratione
737 2688 769 2738 de
786 2688 897 2738 antidosi
915 2690 941 2752 s.
961 2686 1004 2738 39.
1024 2685 1069 2738 so.

64 2761 202 2825 repetitque
220 2760 378 2825 biographus
394 2759 511 2809 isocratis
529 2773 556 2823 p.
577 2757 640 2817 102,
659 2759 700 2808 14.
720 2757 762 2810 ed.
782 2772 854 2808 mene
872 2755 954 2809 Onon.
974 2756 1071 2806 diserte

66 2836 200 2880 memorata
221 2828 291 2877 mille
314 2826 490 2878 drachmarum
513 2827 644 2879 mercede:
669 2841 744 2889 qnam
766 2826 896 2877 Lacritum
914 2824 1068 2875 Phaselitam

62 2896 160 2948 Doermi
169 2912 318 2947 numerasse
328 2895 512 2946 Demosthenes
522 2897 548 2945 in
561 2903 625 2944 orat.
641 2895 764 2944 adversus
774 2894 901 2944 Lacrltum
914 2909 940 2959 p.
951 2892 1012 2953 938,
1027 2893 1069 2944 17.
1111 2914 1117 2921 ·

62 2960 213 3028 εἰρηνικοῖς
230 2974 328 3015 narrat.-

125 3032 156 3098 a)
168 3025 323 3097 Βάτταλος]
344 3034 415 3083 Hanc
423 3032 589 3096 scripturam,
609 3046 685 3095 quarn
695 3038 801 3080 metrum
811 3030 924 3096 postulat
941 3031 967 3079 in
978 3029 1069 3094 Hedyli

63 3115 133 3153 rersn
150 3118 195 3168 ap.
209 3101 304 3153 Athen.
323 3104 349 3153 4.
368 3116 396 3166 p.
417 3101 526 3160 1701),
543 3108 672 3164 praestare
692 3100 776 3159 alteri,
793 3113 859 3161 quae
870 3098 1028 3162 frequentior
1042 3098 1069 3146 in

61 3172 190 3223 codicibus
200 3179 249 3230 cst,
265 3163 399 3227 Βάταλος,
419 3169 473 3219 dixi
490 3169 515 3217 in
529 3169 658 3219 Thesauro
674 3168 725 3219 vol.
736 3170 763 3218 2.
783 3183 811 3232 p.
825 3166 882 3218 tac.
1118 3220 1122 3230 ,

126 3241 156 3304 b)
168 3241 245 3291 Dein.
263 3238 326 3303 Gap.
343 3241 369 3290 4.
384 3228 440 3287 ὁδ’
450 3229 545 3301 Ἀργᾶς
555 3231 615 3318 (καὶ
624 3233 709 3285 τοῦτο
723 3229 776 3300 γάρ
786 3249 857 3314 φαροι
867 3233 907 3300 τῷ
919 3226 1073 3297 Δημοσθέ-

64 3321 102 3358 νει
118 3306 255 3374 γενέσθαι
269 3298 459 3372 παρώνυμον)
477 3301 498 3370 ἢ
514 3319 588 3367 προς
605 3297 655 3354 τὸν
672 3297 794 3367 τρόπον,
814 3318 853 3359 ως
869 3296 1004 3364 θηριώδη
1022 3293 1072 3379 arpi

64 3370 177 3441 arapha,
196 3367 296 3439 hicn·
314 3365 366 3425 τὸν
383 3366 436 3452 peip
454 3366 524 3454 ὅφιρι
542 3369 615 3423 ἔνιοι
631 3370 689 3422 τοῖν
706 3369 835 3437 κοιητνῖν
852 3361 944 3432 ἀργᾶν
964 3358 1073 3429 ὄνομα·

65 3439 168 3502 lonsrv·
186 3434 206 3511 ἢ
222 3436 367 3509 πρὸστὸν
383 3443 477 3508 λογον,
495 3455 535 3499 ως
551 3433 677 3492 ἀνιῶντα
694 3432 762 3499 τοὺς
779 3431 993 3501 ἀκροωμένους·
1017 3428 1067 3483 aad
