2340 3894
303 106 414 171 ποετ
433 70 527 171 νον
544 110 803 175 mmor.
974 112 1036 179 τοι

71 269 269 358 γορεῦεσθαι,
286 266 340 335 ἐοὶυ
351 272 384 335 δέ
393 267 414 355 ἡ
424 268 533 355 βουλὴ,
555 275 589 337 ἐν
598 280 640 338 τῶ
652 279 866 361 βουλευτηρίῳ,
889 271 1036 363 τἰλλαχόθι
1044 303 1098 359 222

74 359 107 422 δὲ
117 352 159 438 μὴ
170 357 285 433 ἐξεῖναι.
316 357 389 436 φησὶ
407 358 438 420 δέ
456 358 507 420 καὶ
523 352 592 432 τοῦς
609 337 748 435 έπαίνους
764 340 841 424 εἶναὶ
857 356 925 436 τοῦς
937 362 1035 468 ἐπὶτχῖ

73 443 264 523 Δημοσθένει
275 443 409 532 ψευδεῖς·
422 435 463 522 μὴ
479 436 538 524 γάρ
554 449 783 507 πεπολιτεῦσθαι
801 450 897 520 καλῶς
909 439 966 521 ,τόν
983 449 1035 530 ρη-

72 550 160 607 τορα,
184 518 260 587 άλλδι
277 524 328 586 καὶ
346 523 515 607 δωροδόκον
531 521 607 589 εἶναι
624 526 675 588 καὶ
691 533 811 591 πολλῶν
828 534 931 591 κακῶν
941 530 1037 594 αἴτιον

72 616 109 694 τῇ
120 605 214 672 πόλει.
238 608 289 669 καὶ
299 605 379 684 τάξει
389 633 422 690 γε
431 605 523 696 ταῦτη
532 617 585 690 τῆς
593 614 769 693 κατηγορίας
778 614 920 692 Αἰσχίνης
931 613 1034 696 κέχρη-

71 717 135 773 ται,
156 698 276 775 πρῶτον
293 686 383 754 είπῶν
399 694 466 776 περὶ
476 699 529 756 τοῦ
538 700 599 756 τῶν
608 689 792 757 ῦπευθῦνων
800 692 894 779 νόμον
905 697 956 758 καὶ
967 697 1034 761 δεῦ-

72 800 159 858 τερον
174 776 242 858 περὶ
258 782 311 838 τοῦ
327 781 387 838 τῶν
404 773 601 860 κηρυγμάτων
619 779 669 840 καὶ
684 782 783 860 τρίτον
798 780 865 862 περὶ
881 784 933 862 τῆς
949 788 1033 845 πολι-
1069 776 1073 783 ’
1096 846 1099 851 ,

70 864 161 935 τείας·
172 853 279 942 ἠξίωσε
297 859 329 922 δέ
345 860 396 921 καὶ
405 884 458 923 τον
470 863 669 964 Δημοσθένην
679 859 733 944 τὴν
745 856 840 944 αῦτην
849 859 934 940 τάξιν
943 863 1031 949 ποιή-

71 953 196 1008 σασθαι.
228 938 289 1009 δδέ
299 939 395 1026 ῥήτωρ
407 945 459 1007 καὶ
470 937 530 1007 άτιο
541 950 592 1024 τῆς
602 949 748 1022 πολιτείας
758 941 814 1027 τίχν
824 940 920 1029 άρχην
931 945 1032 1030 ἐποιή-

71 1047 143 1091 σατο
161 1028 213 1099 καὶ
229 1021 321 1089 πάλιν
337 1029 377 1100 είς
392 1022 503 1108 ταύτην
519 1022 671 1111 τὸνλόγον
682 1032 873 1113 κατέστρεψε,
893 1039 1032 1113 τεχνικῶς

69 1118 181 1174 ποιῶν·
205 1113 253 1172 δεῖ
257 1106 316 1193 γάρ
328 1106 473 1192 άρχεσθαί
481 1135 511 1173 τε
523 1105 582 1174 άπὸ
594 1119 653 1174 τῶν
666 1115 858 1196 ἰσχυροτέρων
868 1116 919 1177 καὶ
931 1111 1031 1198 λήγειν

70 1197 110 1271 είς
126 1201 234 1257 ταῦτα·
255 1195 329 1274 μέσα
347 1194 378 1256 δὲ
395 1195 508 1258 τέθεικε
518 1188 555 1256 τά
571 1197 638 1276 περὶ
653 1202 713 1259 τῶν
723 1193 839 1277 νόμων,
862 1200 965 1284 καὶτῷ
975 1200 1031 1281 μὶν

69 1279 138 1360 περὶ
153 1273 413 1342 τῶνῦπευθῦνων
429 1272 599 1359 άντιτίθησι
616 1282 764 1359 διανοίας,
787 1287 829 1366 τῳ
847 1281 879 1342 δὲ
894 1284 960 1362 περὶ
970 1288 1030 1346 τῶν

70 1357 270 1447 κηρυγμάτων
275 1356 373 1463 γόμον
384 1362 483 1445 ἕτερον
492 1358 557 1442 »ἤτοι
568 1357 660 1465 νόμον
671 1365 766 1465 μέρος,
779 1359 818 1438 ῶς
828 1383 921 1468 φησιη
931 1359 1028 1445 αὐτός,

72 1447 104 1510 ἐν
116 1435 371 1533 ᾦσυγκεχωρηται
381 1447 432 1508 καὶ
444 1447 475 1509 ἐν
484 1451 526 1531 τῳ
535 1453 655 1534 θεατρῳ
666 1470 828 1529 κηρυττειν,
841 1447 920 1510 ἐανο
939 1451 1031 1529 δῆμος

70 1525 122 1613 ἢὴ
134 1524 229 1614 βουλὴ
239 1536 325 1592 τοῦτο
336 1532 513 1612 ψηφίσηται.

193 1791 195 1795 y
360 1703 494 1760 ωτἙΡΑ
517 1701 740 1774 Tuomst.
1023 1774 1028 1783 ι

153 1808 312 1911 Ἀθηναίω
328 1829 379 1892 καὶ
390 1812 518 1912 Θηβαῖοι
534 1835 726 1912 πολεμοῦντες
743 1819 817 1912 πρὸς
831 1828 980 1891 Φίλιππον
997 1826 1030 1890 ἐν

70 1917 256 2000 Χαιρωνείᾳ,
277 1909 361 1979 πόλει
375 1919 427 1995 τῆς
445 1917 600 1994 Βοιωτίας,
623 1907 804 1996 ἡττήθησαν.
834 1911 1029 2007 ἐπικραητσας

70 1988 126 2062 οῦν
137 1994 155 2062 ό
168 1990 324 2063 Μακεδῶν
335 1991 472 2079 φρουράν
481 1997 535 2078 ’μὲν
546 2000 585 2072 είς
595 1991 648 2071 τοὶς
662 1996 762 2078 Θήβας
773 1996 903 2100 ἐνέβαλε,
923 1996 973 2057 καὶ
987 1991 1027 2058 εὶ-

70 2106 121 2163 χεν
137 2076 198 2146 ῦπδ
216 2088 298 2164 χεῖρα
314 2078 521 2144 δουλεύουσαν.
545 2081 711 2154 ἐλπίσαντες
722 2071 777 2143 οῦν
788 2072 820 2142 τὸ
832 2073 904 2142 αῦτο
916 2086 1028 2141 παθεῖν

67 2165 228 2247 Ἀθηναῖοι
238 2166 290 2227 καὶ
300 2162 372 2228 ὅσον
382 2159 498 2226 οῦδέπω
510 2156 575 2226 κατ’
595 2156 695 2225 αὐτῶν
712 2159 792 2242 ἥξειν
808 2165 1027 2245 προσδοκῶντες

69 2244 123 2314 τόν
132 2245 297 2333 τύραννον,
315 2249 479 2325 ἐσκέψαντο
488 2240 525 2309 τά
537 2241 723 2324 πεπονηκότα
733 2248 806 2327 μέρη
816 2251 858 2330 τῷ
868 2240 963 2328 χρόνῳ
974 2251 1027 2306 τοῦ
1035 2260 1088 2314 223

69 2336 182 2415 τείχους
198 2328 485 2413 ἐπανορθώσασθαι,
508 2331 558 2393 καὶ
576 2325 613 2411 δὴ
624 2323 681 2409 ἀφ’
698 2326 819 2407 έκάστης
830 2332 926 2408 φυλῆς
935 2350 1029 2407 τειχο-,

69 2418 151 2482 ποιοὶ
161 2413 400 2500 προεβλήθησαν.
429 2409 544 2479 τοιόνδε
561 2415 612 2477 καὶ
622 2410 642 2497 ἡ
653 2411 817 2486 Πανδιονὶς
828 2411 857 2487 ἐξ
869 2410 973 2490 ἑαυτῆς
984 2412 1025 2472 εί-

57 2507 133 2565 ’λετο
153 2494 229 2584 πρὸς
249 2493 304 2582 τὴν
314 2503 413 2582 χρείαν
429 2492 481 2561 τόν
498 2494 615 2582 ῥήτορα.
651 2502 702 2578 τῆς
721 2499 823 2560 τοίνυν
841 2494 977 2600 ἐργασίας
993 2493 1027 2555 ἐν

68 2585 169 2667 χερσὶν
186 2580 290 2665 οῦσης,
312 2583 506 2666 προσδεηθεὶς
524 2583 565 2646 έτι
582 2577 737 2664 χρημάτων
755 2572 826 2660 μετά
836 2605 874 2642 τα
884 2578 1026 2659 δεδομένα

66 2662 127 2733 ῦπδ
142 2674 196 2749 τῆς
209 2663 336 2746 πόλεως,
358 2662 482 2751 όόηιωρ
493 2667 527 2729 ἐκ
537 2670 596 2728 τῶν
606 2668 691 2730 ὶδίων
702 2662 882 2744 ἐδαπάνησε,
906 2663 957 2725 καὶ
968 2654 1025 2725 οῦκ

67 2754 219 2834 ίλογὶσατο
230 2745 306 2820 αῦτδι
316 2756 353 2836 τῇ
365 2745 463 2831 πόλει,
476 2743 551 2814 άλλά
563 2749 614 2811 καὶ
626 2750 785 2832 ἐχαρίσατο.
808 2744 918 2828 ταύτην
928 2738 1024 2828 άφορ-

66 2831 128 2919 μην
145 2829 350 2916 όΚδηαιφῶν,
372 2829 413 2908 είς
428 2839 488 2897 τῶν
503 2835 752 2913 πολιτευομένων,
775 2827 929 2912 δεξάμενος
946 2828 1025 2913 εἰση-

66 2943 153 3002 νεγκε
163 2915 285 3005 γνάμην
296 2919 329 2981 ἐν
338 2925 374 3005 τῇ
384 2922 477 3004 βουλῇ
488 2918 555 3000 περὶ
566 2910 657 2979 αῦτοῦ
667 2908 843 3018 τοιαῦτην,“
850 2909 949 2995 ἐπειδὴ
961 2917 1026 2979 δια-

26 3030 29 3035 ·
62 3000 163 3069 “vehi
167 3000 616 3108 ΔηροοθένηςὸΔημοοθίνους
627 2993 695 3083 παρ’
712 2995 783 3063 δλον
792 3023 844 3065 τον
853 3001 923 3082 βίον
931 2993 1025 3063 εῦνοι-

62 3085 123 3153 “av
139 3090 181 3164 είς
196 3111 252 3169 την
268 3081 356 3150 πόλιν
367 3081 618 3166 ἐπιδεικνύμενος,
641 3083 693 3146 καὶ
703 3088 761 3147 νῦν
771 3083 804 3147 δὲ
813 3078 972 3165 τειχοποιὸς
984 3076 1027 3143 ῶν

63 3168 136 3237 κκαὶ
145 3171 343 3256 προσδεηθεὶς
354 3165 511 3254 χρημάτων
520 3172 642 3233 οίκοθεν
655 3168 780 3251 παρέσχε
795 3167 848 3230 καὶ
864 3166 1026 3247 ἐχαρίσατο,

64 3250 137 3320 “dab
152 3261 241 3319 τοῦτο
258 3249 400 3335 δεδόχθαι
410 3260 447 3339 τῇ
464 3258 558 3338 βουλῇ
575 3251 626 3313 καὶ
643 3258 685 3336 τῷ
703 3248 788 3339 δήμῳ
806 3253 1027 3329 στεφανοῦσθαι

64 3333 177 3404 “ωῦτδν
188 3340 302 3423 χρυσέῳ
314 3334 466 3423 στεφάνῳ,
484 3338 516 3399 ἕν
532 3341 574 3420 τῳ
584 3330 716 3424 θεάτρῳ,
736 3337 908 3418 τραγῳδιῶν
918 3322 1027 3414 άγομέδ
