2340 3894
206 208 337 273 νυνι
358 157 942 275 ΤΗΣ-ακνκπενπιιειιπ
990 207 1053 272 ενι
1104 201 1106 206 ·

97 376 146 449 είς
155 379 329 454 Αίγνπτον
339 373 479 454 Χαβρία,
492 369 548 435 καὶ
558 375 618 435 τοῦ
629 368 819 453 καταράτου
825 375 1052 455 Κυρηβίωνος,

97 466 184 546 δςέν
194 481 265 545 ταῖς
281 480 426 552 πομπαῖς
442 464 526 532 ἀνευ
541 473 605 532 τοῦ
621 466 803 549 προσώπου
818 468 968 552 κωμάζει.
997 467 1052 534 καί

96 573 133 634 τί
144 575 264 644 ταῶνας
285 565 374 643 ἀλλὰ
393 562 452 632 τὸν
466 561 614 650 ἀδελφδν
631 561 722 649 ὁρῶν
740 563 935 652 Ἀφόβητον.
967 562 1052 632 ἀλλά

97 670 181 750 δήια
198 664 270 733 ἀνω
291 669 449 747 ποταμῶν
466 665 574 751 ἐκείνη
595 670 636 751 τή
657 658 764 753 ήμέρηι
784 665 906 743 πάντες
927 667 962 731 οί
977 664 1053 749 περὶ

97 770 253 848 πορνείας
263 762 430 848 ἐρρύησαν
440 761 543 845 λόγοι.

46 881 87 939 m
182 860 325 949 Καὶμήν
344 867 390 938 είς
400 858 485 946 ὅσην
497 858 629 946 ἀτιμίαν
646 860 708 948 τήν
719 862 818 930 πόλιν
833 859 1051 950 ἡμῶνήτοὺ·

96 987 158 1029 του
169 967 311 1045 πονηρία
321 962 377 1026 καὶ
387 963 587 1045 ψευδολογία
598 961 828 1046 καταστήσασα
844 967 925 1045 ἔχει,
943 958 1055 1029 πάντα

95 1057 183 1128 τᾶλλ’
197 1055 310 1144 ἀφεὶς,
329 1055 349 1126 δ
360 1059 481 1136 πάντες
503 1058 597 1145 ὑμεῖς
614 1071 685 1129 ίστε
708 1063 783 1142 ἐρῶ.
816 1057 981 1144 πρότερον
989 1059 1051 1145 μδν

95 1157 174 1243 γάρ,
185 1151 214 1224 ῶ
224 1156 345 1240 ἀνδρες
353 1153 533 1242 Ἀθηναῖοι,
546 1163 580 1224 τί
587 1156 662 1240 παρ’
674 1155 755 1242 ὑμῖν
765 1156 954 1241 ἐψήφισται,
960 1155 1047 1226 τοῦτ’
1059 1172 1112 1228 4³4

96 1256 279 1341 ἐπετήρουν
298 1259 333 1323 οί
346 1252 442 1322 ἀλλον
460 1254 580 1332 πάντες
591 1253 771 1340 Ἕλληνες·
784 1263 849 1322 νῦν
865 1253 896 1322 δ’
908 1253 971 1342 ήδη
988 1279 1066 1329 πε-,

96 1350 281 1442 ριερχόμείά
300 1352 395 1440 ὑμεῖς
409 1360 443 1420 τί
456 1357 608 1421 δέδοκται
622 1367 691 1433 τοῖς
707 1352 819 1432 ἀλλοις
836 1362 1048 1439 σκοποῦντες,

95 1455 151 1522 καὶ
168 1451 456 1530 ὠτακουστοῦντες
472 1459 505 1519 τί
516 1450 557 1519 τά
573 1459 642 1519 τῶν
659 1450 846 1538 Ἆρκάδιον,
869 1459 903 1522 τί
920 1451 960 1520 τά
980 1458 1049 1519 τῶν

91 1550 362 1638 Ἀμφικτυόνων,
387 1563 448 1619 ποί
455 1550 588 1636 πάρεισι
596 1558 775 1637 Φίλιππος,
795 1546 864 1640 ζήή
874 1553 1046 1636 τέθνηκεν.

46 1669 86 1724 ι89
95 1648 139 1719 οῦ
148 1657 285 1718 τοιαῦτα
297 1657 473 1735 ποιοῦμεν;
494 1651 560 1736 ἐγῶ
571 1650 608 1718 δὲ
619 1648 661 1719 οὑ
672 1654 804 1720 δέδοικα
828 1657 861 1718 εί
885 1654 1048 1731 Φίλιππος

95 1754 143 1834 ίή,
155 1746 224 1817 ἀλλ’
238 1755 269 1842 εί
276 1757 335 1836 τῆς
345 1748 472 1828 πόλεως
486 1753 629 1836 τέθνηκε
646 1747 682 1818 τδ
695 1749 774 1829 τοὺς
785 1747 983 1827 ἀδικοῦντας
993 1775 1050 1834 μι-

95 1862 167 1916 σεῖν
179 1850 234 1916 καὶ
243 1858 468 1935 τιμωρεῖσθαι.
503 1847 582 1918 οὑδὲ
593 1857 741 1938 φοβεῖμε
753 1855 935 1931 Φίλιππος,
953 1841 996 1914 ἀν
1007 1846 1047 1914 τά

93 1945 170 2032 παρ’
184 1945 281 2032 ὑμῶν
292 1945 442 2037 ὑγιαίνῃ,
465 1945 534 2017 ἀλλ’
548 1954 579 2017 εί
589 1946 662 2034 παρ’
676 1945 757 2034 ὑμῖν
775 1945 869 2015 ἀδεια
877 1943 1049 2031 γενήσεται
1085 2022 1088 2027 ,

93 2059 162 2122 τοῖς
171 2043 245 2128 παρ’
259 2049 388 2126 ἐκείνου
400 2057 603 2131 μισθαρνεῖν
619 2049 851 2134 βουλομένοις,
874 2047 929 2113 καί
947 2064 1048 2113 συνε-

94 2147 196 2227 ροῦσί
202 2166 289 2220 τινες
298 2142 429 2221 τούτοις
436 2151 505 2210 τῶν
514 2142 681 2228 ὑφ’ὑμῶν
690 2147 976 2232 πεπιστευμένων,
993 2146 1048 2211 καί

93 2241 201 2309 πάντα
212 2238 272 2309 τὸν
283 2246 475 2325 ἔμπροσθεν
485 2241 611 2326 χρόνον
621 2240 823 2328 ἀρνούμενοι
833 2238 878 2327 μή
893 2241 1048 2325 πράττειν
1130 2298 1133 2303 .

46 2362 84 2415 :90
93 2338 178 2424 ὑπὲρ
190 2345 358 2434 Φιλίππου
369 2347 434 2406 νῦν
445 2337 689 2425 ἀναβήσονται,
711 2347 815 2407 ταῦτα
827 2346 928 2425 φοβεῖ
935 2365 984 2424 με.
1017 2343 1053 2405 τί

90 2438 155 2524 γὰρ
167 2438 207 2526 δή
227 2462 322 2523 ποτε,
334 2435 488 2522 Εὔβουλε
494 2487 507 2523 ,
514 2435 694 2529 Ἡγησίλεῳ
711 2437 774 2523 μὲν
790 2442 990 2526 κρινομένῳ,
1012 2431 1049 2513 δς

91 2536 227 2618 ἀνεψιός
238 2540 310 2607 ε’στί
316 2559 381 2622 σοι,
392 2539 447 2605 καί
459 2537 687 2625 Θρασυβούλῳ
700 2535 827 2622 πρῶην,
838 2543 886 2624 τῶ
892 2531 1049 2618 ’Νικηρά-
1140 2532 1145 2541 ’

91 2662 152 2704 του
165 2644 267 2726 δείφ,
287 2638 342 2705 ἐπὶ
353 2634 414 2722 μδν
424 2641 484 2721 τῆς
500 2634 632 2719 πρῶτης
644 2632 761 2719 ψήφου
771 2629 846 2700 οὐδ’
859 2629 1049 2699 ὑπακοῦσαι

91 2735 298 2822 καλούμενος
307 2734 443 2822 ήθελες,
461 2739 508 2813 είς
519 2733 555 2802 δὲ
570 2730 608 2800 τδ
621 2740 743 2818 τίμημα
754 2727 881 2817 ἀναβάς
891 2727 975 2816 ὑπὲρ
987 2727 1048 2816 μὲν

92 2837 228 2901 ἐκείνων
250 2833 325 2931 οῦδ
342 2833 458 2903 ὁτιοῦν
475 2840 597 2920 ἔλεγες,
620 2833 714 2900 ἐδέου
737 2829 773 2898 δὲ
792 2836 861 2897 τῶν
883 2832 1047 2897 δικαστῶν

92 2931 295 3016 συγγνώμην
315 2937 400 3016 ἔχειν
423 2953 492 3013 σοις
515 2932 584 3000 εἶτα
601 2928 685 3015 ὑπὲρ
716 2928 776 3014 μὲν
797 2935 972 3013 συγγενῶν
991 2930 1066 2994 καί·

46 3053 79 3108 91
90 3029 283 3114 ἀναγκαίων
292 3026 485 3112 ἀνθρώπων
495 3027 559 3097 οὑκ
572 3026 776 3112 ἀναβαίνεις,
787 3022 871 3110 ὑπὲρ
883 3030 1045 3108 Αἰσχίνου

90 3130 126 3199 δὲ
137 3125 310 3216 ἀναβήσει,
322 3125 470 3214 δς,’ήνίκ’
483 3131 614 3212 ἔκρινεν
629 3123 836 3208 Ἀριστοφῶν
847 3122 1044 3191 Φιλόνεικον

88 3231 143 3297 καὶ
157 3226 195 3295 δι’
211 3229 342 3295 ἐκείνου
352 3232 421 3293 τῶν
431 3245 484 3293 σοι
495 3226 736 3309 πεπραγμένων
746 3220 946 3308 κατηγόρει,
959 3239 1044 3304 συγ-

89 3326 265 3412 κατηγόρει
271 3323 340 3411 μετ’
351 3329 483 3393 ἐκείνου
490 3344 554 3392 σου
567 3324 620 3391 καί
626 3330 696 3390 τῶν
702 3323 907 3406 ἐγδρῶντῶν
914 3324 984 3384 σῶν
996 3311 1045 3397 είς

88 3415 1045 3568 ἐξητάζετο-ἐπειδὴδδσὺμδντοπουσὶδεδῶάμφφμςωὶφή,
