2340 3894
131 202 175 267 82
354 205 402 262 Vl.
432 149 853 271 ΔΗΜΟΣΘΕΝΟΤΣ

74 437 78 449 ,
131 366 218 450 θρός
239 366 415 448 ἐλευθερίᾳ
433 361 489 428 καὶ
508 358 626 445 νόμοις
644 362 802 439 ἐναντίος.
841 358 884 429 ού
906 363 1090 448 φυλάξεσθ’

131 462 239 546 ὅπως,
261 468 365 547 ἐφην,
387 456 432 546 μὴ
450 461 597 557 πολέμου
607 464 782 545 ζητοῦντες
792 460 1023 549 ἀπαλλαγῆναι
1034 467 1091 530 βε-

133 561 262 648 σπότηυ
274 559 408 646 εύρητε;

87 678 123 734 26
219 656 1091 743 Ταῦτ’άκούσαντεςἐκεῖνοι,καλθορυβοῦντεςὺςόρ-

129 769 203 839 θεῖς
219 762 357 845 λέγεται,
378 761 435 824 καὶ
454 756 600 834 πολλοὺς
620 758 752 841 ἑτέρους
773 758 894 841 λόγους
912 759 1003 842 παρά
1020 768 1090 827 τῶν

131 865 303 947 πρέσβεων
318 861 374 927 καί
389 856 553 939 παρόντος
578 859 660 941 ἐμοῦ
674 859 731 924 καὶ
748 858 852 924 πάλιν
862 856 1021 944 ὕστερον,
1045 859 1090 938 ὡς

130 967 247 1044 έοαιεν,
264 958 366 1027 οὐδέν
382 965 510 1045 μᾶλλον
526 954 837 1041 άποσχήσονταιτῆς
848 963 1018 1027 Φιλίππου
1029 986 1089 1043 φι-

84 1071 119 1126 27
130 1068 202 1138 λίας
212 1056 284 1126 οὐδ’
299 1050 349 1125 οἷν
359 1061 597 1142 ἐπαγγέλλεται.
631 1058 685 1144 ιιαὶ
697 1054 739 1122 ου’
750 1053 835 1124 τοῦτ’
849 1063 938 1124 ἐστιν
948 1057 1086 1144 άτοπου,

129 1166 162 1226 εί
166 1157 355 1244 Μεσσήνιοι
364 1159 420 1225 ιιαλ
432 1162 714 1240 Πελοποννησίων
724 1158 807 1234 τινὲς
819 1153 923 1242 παρ’όὶ
933 1164 979 1246 τῷ
993 1166 1088 1242 λογι-

128 1267 201 1349 σμῷ
210 1254 356 1344 βέλτισθ’
369 1253 475 1343 ὁραλσί
488 1280 518 1322 τι
530 1255 729 1338 πράξουσιν,
750 1253 818 1324 ἀλλ’
832 1263 864 1325 εί
877 1254 971 1342 ὑμεῖς
987 1259 1023 1323 οί
1033 1261 1088 1326 καὶ

129 1361 299 1436 συνιέντες
310 1355 406 1425 αύτολ
422 1357 479 1423 καὶ
487 1362 555 1422 τεόν
565 1354 733 1439 λεγόντων
744 1353 923 1434 ἀκούοντες
932 1353 1029 1441 ἡμῶν
1041 1355 1086 1449 οὑς

128 1457 405 1544 ἐπιβουλεύεσθε,
426 1452 470 1533 ὡς
479 1459 767 1540 περιστοιχίζεσθε,
786 1458 822 1523 ἐν
831 1462 895 1522 τού
905 1454 1009 1540 μηδὲν
1019 1454 1083 1542 ἤδη

130 1569 237 1623 ποιεῖν
249 1551 374 1642 λήσεθ’,
388 1552 432 1632 οἱς
444 1554 515 1639 ἐμοὶ
528 1557 628 1635 δοκεῖ,
642 1550 742 1619 πάνθ’
756 1549 1010 1637 ὑπομείναντες·
1022 1553 1085 1622 οὑ-

128 1651 223 1739 τυςὴ
234 1649 405 1739 παραυτίχ’
421 1649 526 1738 ἡδονὴ
546 1654 600 1718 καὶ
617 1650 771 1740 ῥᾳστώνη
782 1658 894 1737 μεῖζον
905 1654 1011 1738 ίσχύει
1021 1663 1085 1722 τοῦ

128 1749 204 1820 ποθ’
219 1751 360 1837 ὕστερον
371 1757 542 1819 συνοίσειν
552 1751 737 1836 μέλλοντος.

82 1855 119 1910 28
212 1852 296 1934 Περὶ
312 1849 374 1934 μὲν
390 1847 431 1936 δὴ
447 1856 516 1917 τῶν
532 1847 613 1934 ὑμῖν
631 1854 803 1934 πρακτέων
824 1847 900 1918 καθ’
912 1848 1000 1936 ὑμᾶς
1019 1850 1084 1919 αύ-

126 1948 207 2026 τούς
217 1947 361 2031 ὕστερον
371 1947 615 2034 βουλεύσεσθε,
638 1945 682 2016 άν
698 1957 907 2036 σωφρονῆτε·
930 1947 1000 2019 άὺἐ
1016 1960 1083 2020 νῦν

24 2142 26 2147 Ι
126 2045 387 2132 ἀποκρινάμενοι
406 2046 446 2114 τά
463 2046 567 2116 δέοντ’
580 2043 624 2114 άν
639 2047 716 2134 εἴητ’
734 2051 969 2136 ἐψηφισμένοι,
988 2049 1079 2121 ταῦτ’

124 2145 187 2233 ἤδη
200 2151 289 2227 λέξω.
534 2159 544 2167 ’

466 2301 730 2364 ΑΠΟΚΡΙΣΙΣ.

206 2414 268 2488 Ἦν
287 2424 348 2508 μέν
369 2415 434 2490 οὑν
446 2427 584 2509 δίκαιον,
609 2417 637 2493 ά
657 2424 781 2512 ἄνδρες
783 2424 977 2515 Ἀθηναῖοι,
1000 2428 1081 2509 τούς

125 2519 370 2604 ἐνεγκόντας
333 2547 392 2598 τας
402 2518 605 2607 ὑποσχέσεις,
622 2521 720 2610 ἐφ’ἷ
685 2553 705 2592 α
720 2552 735 2603 ς
753 2529 823 2593 ἐπεί
810 2533 926 2612 ίσθητε
936 2527 1081 2614 ποιήσα-

80 2630 115 2685 29
125 2615 252 2685 σθαι
216 2643 278 2702 την
289 2618 433 2704 είρηυηυ,
443 2629 574 2688 καλειν
586 2647 662 2690 ουτε
672 2650 737 2708 γαρ
745 2651 844 2704 αυτος
854 2653 897 2693 αν
906 2650 986 2695 ποτε
996 2632 1081 2695 υπε-

122 2738 218 2796 μεινα
230 2715 488 2802 πρεσβεύειν,”
445 2715 512 2784 οντ’
521 2714 564 2785 ύν
573 2717 667 2806 ὑμεῖς
677 2722 770 2790 026*
749 2751 801 2792 οτι
811 2726 1005 2795 ἐπαύσασθε
1016 2752 1083 2796 πο-

123 2817 312 2894 λεμοῦντες,
335 2819 510 2882 εἰτοιαῦτα
528 2820 664 2902 πράξειν
675 2823 794 2908 τυχόντ
792 2823 944 2913 ἐἰρήνης
957 2833 1079 2895 Φίλιπ-

122 2930 187 2976 πον
198 2908 323 2998 ύεσθε
343 2894 447 2989 ἀλλ’
424 2941 469 3001 ην
486 2917 572 2985 πολὺ
584 2921 714 2990 τούτων
729 2924 938 3012 άφεστηκότα
948 2926 989 2994 τά
1002 2929 1078 2995 τότε

69 3065 72 3071 ,
122 3007 293 3091 λεγόμενοι
315 3013 370 3077 ιιαι
381 3013 521 3100 παλιυγ
536 3018 666 3103 ετέρους
677 3031 812 3092 καλεῖν
823 3032 928 3106 τίνας;
939 3054 1019 3106 τους
1029 3055 1068 3096 οτ

121 3103 184 3191 ἐγώ
195 3116 371 3192 γεγονυίας
384 3110 449 3199 ἥβη
461 3124 519 3201 τῆς
531 3119 697 3206 εἰρήνης’
679 3121 744 3190 απὸ
757 3132 815 3209 τῆς
830 3123 969 3212 ὑστέρας
978 3153 1075 3215 ηιιων

120 3214 296 3296 πρεσβείας
305 3234 364 3294 της
382 3214 435 3281 ἐπὶ
445 3240 672 3306 τουςοριιους,
686 3223 887 3309 ίσθομενος
898 3233 1076 3311 φενακιζο-
1084 3233 1121 3291 7³

66 3383 68 3386 y
120 3309 225 3394 μένην
239 3335 301 3395 την
317 3309 434 3396 πόλιν,
455 3313 644 3402 προύλεγον
661 3322 716 3389 ιιαλ
733 3324 1000 3411 διεμαρτυρόμην
1018 3332 1075 3393 παλ

76 3405 184 3479 θοούιι
196 3417 275 3477 είωυ
287 3410 581 3496 προέσθαιΠύλας
595 3415 676 3490 οὐδὲ
686 3425 841 3509 Φωκέας,
863 3421 1054 3509 λέγοντας
1031 3451 1076 3505 υς

255 3565 276 3601 0
