2340 3894
184 266 193 277 ,
282 210 412 273 ΠΕΡΙ
444 212 546 276 Tor
574 215 876 282 ΣΤΕΦΑΝΟῬ.
993 224 1057 289 2⁴3
1089 266 1093 277 ·

49 381 89 439 68
185 366 286 437 Οὕτω
303 370 432 448 διαθεὶς
448 367 697 451 ὁΦίλιππος
660 399 719 453 τας
736 377 849 457 πόλεις
858 377 948 465 πρός
944 380 1056 469 άλλη-

95 476 173 559 λας
168 465 224 536 δια
235 467 382 554 τούτων,
403 470 459 537 καὶ
469 469 600 549 τούτοις
611 474 768 554 ἐπαρθεὶς
784 489 852 555 τοῖς
867 486 1055 600 ψηφίσματι

95 567 235 644 καὶταίς
246 563 478 652 ἀποκρίσεσιν,
499 557 581 688 ᾗκεν
598 570 737 654 ἔχων
700 598 763 658 την
774 574 918 661 όυναμιυ
927 577 1029 645 καὶ
993 605 1054 663 την

92 661 263 733 Ἐλάτειαν
274 663 514 750 κατόλαβεν,’
490 691 535 744 ως
546 664 656 734 ούό”“
634 695 678 735 αν
690 672 898 755 είτιγέυοιτο
911 679 1054 795 ἐτισυμ-

94 763 319 833 πνευσαντων
328 790 372 830 αν
383 789 479 849 ημων
489 765 544 832 καὶ
555 791 623 833 των
635 774 798 854 Θηβαίων.
822 769 927 839 αλλα
916 799 983 858 μην
992 799 1053 841 τον

93 863 171 931 τότε
182 861 357 948 συμβάντα
374 865 410 928 ἐν
420 887 461 949 τη
446 863 568 935 πόλει
578 865 733 953 θόρυβον
745 874 862 955 ι’στεμὲ
864 868 1050 950 νάπαντες·

92 957 241 1048 μικράδ’
252 957 417 1028 ἀκούσατε
428 959 533 1047 ὅμως,
547 958 632 1029 αὐτὰ
643 962 913 1050 τάναγκαιότατα.

48 1079 84 1134 69
171 1057 461 1145 Ἔλτπέραμὲνγάρ
478 1052 538 1145 ἦν,
554 1051 615 1146 ἧκε
627 1060 661 1128 θ’
678 1061 848 1147 άγγέλλων
858 1091 907 1144 τις
918 1064 963 1145 ὥς
973 1069 1052 1147 τούς

94 1158 277 1246 πρυτάνεις
290 1156 335 1238 ως
348 1155 491 1226 Ἐλάτεια
512 1166 732 1244 κατείληπται.
766 1164 822 1230 καὶ
842 1163 923 1249 μετά
945 1174 1050 1233 ταῦτα

93 1261 130 1328 ολ
141 1257 202 1345 μέν
221 1256 327 1337 εύθύς
344 1256 578 1338 ἐξαναστάντες
595 1256 717 1343 μεταξὺ
738 1262 951 1351 δειπνοῦντες
971 1263 1050 1343 τούς

91 1353 125 1424 τ’
142 1359 180 1425 ἐκ
196 1365 266 1425 τῶν
282 1363 418 1442 σκηνῶν
434 1363 503 1424 τεόν
519 1354 602 1424 κατά
618 1354 682 1442 τὴν
698 1355 827 1440 ἀγοράν
837 1361 983 1443 ἐξεῖργον
994 1365 1049 1429 καὶ

91 1454 133 1523 τά
148 1459 254 1541 γέρρα
269 1457 533 1541 ἐνεπίμπρασαν,
556 1459 590 1522 oc
600 1455 635 1524 δὲ
651 1454 730 1534 τούς
741 1455 944 1542 στρατηγούς
953 1484 1048 1544 μετε-

91 1558 263 1641 πέμποντο
280 1557 336 1621 καὶ
352 1552 413 1622 τόν
429 1552 613 1640 σαλπικτὴν
629 1553 789 1622 ἐκάλουν·
816 1557 872 1622 καὶ
891 1555 1047 1642 θορύβου

92 1651 221 1738 πλήρης
237 1643 280 1737 ἦν
294 1648 315 1736 6
333 1650 437 1728 πόλις.
469 1659 511 1739 τῇ
530 1649 561 1718 6'
581 1649 741 1740 ὑστεραίᾳ
757 1651 825 1738 ἅμα
841 1661 882 1740 τῇ
897 1651 1003 1742 ἡμέρα
1014 1659 1049 1722 σί

93 1748 157 1838 μὲν
171 1750 350 1833 πρυτάνεις
366 1747 429 1835 τὴν
445 1748 575 1836 βουλὴν
592 1749 736 1818 ἐκάλουν
751 1756 797 1828 είς
812 1748 849 1819 τό
861 1754 1046 1837 βουλευτή-

92 1872 187 1936 ριον,
198 1845 293 1935 ύμείς
304 1846 337 1916 δ’
351 1853 397 1926 είς
407 1846 469 1933 τήν
480 1851 658 1936 ἐκκλησίαν
668 1849 886 1935 ἐπορεύεσθε,
903 1856 957 1918 καὶ
970 1853 1047 1934 πρὶν
1056 1856 1108 1912 ⁸28⁵

90 1952 225 2035 ἐκείνην
234 1955 429 2035 χρηματίσαι
438 1951 493 2016 καί
505 1955 751 2035 προβουλεῦσαι
760 1945 852 2027 πᾶςό
866 1953 969 2034 δῆμος
977 1946 1047 2017 ἅνω

46 2059 82 2116 70
91 2055 233 2133 καθητο
276 2048 332 2114 καί
353 2044 434 2132 μετά
454 2053 559 2115 ταῦτα
580 2044 625 2126 ὥς
647 2045 841 2133 είσῆλθεν“
824 2075 845 2133 η
865 2047 970 2135 βουλὴ
992 2051 1048 2117 καὶ
1138 2132 1142 2141 Ι

91 2142 300 2233 ἀπήγγειλαν
322 2148 357 2211 οί
376 2145 553 2263 πρυτάνεις
573 2170 614 2211 τα
603 2143 902 2265 προσηγγελμίνα
920 2148 1049 2225 ἑαυτοῖς

89 2241 219 2312 παλτόν
228 2239 354 2330 ἥκοντα
366 2240 562 2328 παρήγαγον
572 2242 724 2320 κάκεῑνος
735 2242 842 2328 εἶπεν,
863 2220 1047 2328 ἥρω’ταν
986 2245 1047 2328 μὲν

91 2337 263 2429 όκῆρνξ“
266 2347 316 2418 τίς
333 2339 511 2427 ἀγορεύειν
527 2336 714 2424 aemam?
737 2336 905 2425 καρήαθ’
928 2337 1044 2417 οὐθείς.

91 2441 255 2519 πολλάκις
276 2439 310 2533 6}
333 2447 396 2507 τού
417 2439 564 2524 κήρυκος
584 2440 774 2521 ἐρωτῶντος
795 2434 894 2504 οὐδὲν
920 2444 1048 2521 μᾶλλον

90 2535 242 2607 ἀνίστατ’
254 2534 379 2622 οὐδεὶς,
396 2534 556 2604 ἁπάντων
566 2536 627 2621 μὲν
637 2543 705 2602 τοῖν
716 2542 908 2618 στρατηγῶν
920 2533 1047 2616 παρόν-

87 2660 175 2720 των,
199 2632 357 2702 απάντων
374 2635 411 2702 δὲ
426 2661 501 2701 των
505 2633 675 2720 όητορων
692 2631 857 2717 καλουσης
868 2634 953 2700 δὲ
913 2659 971 2719 της
981 2656 1047 2699 πα

88 2739 251 2822 τρίβος
211 2761 251 2822 τη
263 2741 360 2822 κοινῇ
372 2741 471 2854 ρτωνῇ
481 2731 543 2802 τόν
554 2730 694 2816 ἐροῦνθ’
709 2728 793 2817 ὑπὲρ
805 2729 1017 2854 σωτηρίας·
1002 2759 1046 2818 ην

87 2830 304 2921 γαροιιηρνξ
315 2858 399 2899 κατα
411 2858 491 2911 τους
501 2858 627 2917 νόμους
637 2858 758 2918 φωνην
769 2829 904 2918 αφίησι
921 2832 1046 2919 ταύτην

45 2932 210 3019 ῃκοιυὴν
219 2939 278 3053 τῆς
288 2934 491 3014 πατρίόὸςί
456 2935 491 2998 σί
487 2932 586 2998 καιόν
598 2934 687 2998 ἐστιν
696 2927 861 3015 ἡγεῖσθαι.
893 2934 999 2998 καίτοι
1017 2936 1048 2998 εί
1095 2990 1105 3009 ,

88 3032 152 3117 μὶν
168 3028 249 3109 τούς
266 3038 420 3115 σωθῆναι
436 3028 500 3114 τὴν
516 3028 616 3096 πόλιν
630 3030 856 3113 βουλομένους
866 3036 1047 3112 παρελθεῖν
1145 3062 1150 3075 ·

90 3132 188 3216 ἔδει,
197 3127 320 3211 πάντες
330 3122 374 3194 άν
384 3125 477 3213 ὑμεῖς
488 3129 543 3195 καὶ
554 3131 589 3196 οί
597 3121 869 3210 άλλοιἏθηναῖοι
881 3125 1047 3194 ἀναστάν-

89 3250 144 3306 τδθ
161 3226 215 3296 ἐπὶ
230 3221 269 3293 τό
282 3231 371 3312 βῆμα
385 3228 560 3310 ἐβαδίζετε·
583 3222 704 3302 πάντες
714 3224 778 3309 γάρ
791 3220 854 3291 οἷδ’
868 3222 919 3292 ὅτι
930 3230 1044 3308 σωθῇ.

90 3350 147 3394 ναι
163 3321 273 3409 αὐτὴν
295 3322 493 3409 ἐβούλεσθε·
516 3327 547 3390 εί
563 3322 599 3389 δὲ
614 3319 693 3399 τούς
708 3320 992 3441 πλουσιωτάτους,
1014 3323 1048 3387 οί

90 3424 293 3510 τριακόσιοι·
312 3428 343 3490 εί
352 3425 387 3491 δὲ
397 3447 478 3500 τους
488 3445 661 3507 αμφοτερα
671 3444 791 3502 ταυτα,
809 3415 1047 3570 266666606316
