2340 3894
79 214 81 219 ⁸
149 208 221 273 m
287 208 321 233 ’·
373 208 908 273 ΧΙΧ.·ΔΗΜΟΣΘΕΝοῬΣ
972 212 975 216 ’

78 426 86 461 ,
158 375 351 458 πρεσβείας,
368 369 479 455 ω”σπερ
496 367 666 457 ὁμολογεῖ,
678 370 779 438 τοῦτό
790 367 819 456 γ’
833 367 915 438 αύτό
929 385 1057 456 φυγεῖν
1068 372 1122 440 καί

77 460 86 491 ’
160 475 424 558 διευλαβηθῆναι
438 476 487 557 τῷ
500 483 621 552 προῖκα
638 468 860 555 πρεσβεύοντι
877 477 1049 557 προσῆκε,
1070 473 1122 539 καί

160 570 451 656 διαμαρτύρασθαι
468 569 505 636 τό
524 565 600 648 καθ’
621 565 734 637 αὑτόν.
766 565 809 636 ού
828 575 945 636 τοίνυν
961 577 1123 656 πεποίηκε

157 667 250 740 τοῦτ’
265 674 431 756 Αἰσχίνης.
452 665 541 735 ταῦτ’
555 664 597 735 ού
608 663 750 753 φανερά,
763 659 1122 754 ύάνδρεςίἰθηναϊοις

158 765 253 837 ταῦτ’
266 766 340 854 ούχί
351 775 416 856 βοᾷ
427 769 482 835 καί
493 770 581 852 λε’γει
592 762 787 852 ὅτιχρήμαύ
803 774 942 851 εἴληφεν
963 773 1121 853 Αἰσχίνης

158 871 214 937 καί
225 867 371 954 πονηρός
381 871 470 934 ἐστιν
480 863 645 950 ἀργυρίου
656 869 812 952 συνεχῶς,
820 862 863 933 ού
870 864 910 933 δι’
923 863 1122 953 ἀβελτερίαν

158 965 237 1034 οὐδὲ
248 962 286 1032 δι’
300 964 449 1049 ἀγυοιαυ,
462 961 536 1031 οὐδ’
550 960 810 1049 ἀποτυγχάυωυ;
1127 1016 1137 1035 .

100 1092 151 1147 120
242 1067 308 1133 Καὶ
318 1070 367 1142 τίς
383 1088 449 1149 μου
466 1076 730 1149 καταμαρτυρεῖ,
745 1063 862 1148 φήσει,
886 1069 1119 1152 δῶραλαβείνς

158 1172 257 1233 τοῦτο
279 1165 343 1251 γάρ
365 1165 434 1231 ἐστι
453 1161 492 1230 τό
514 1161 677 1249 λαμπρόν.
709 1160 750 1229 τά
762 1160 944 1247 πράγματ’,
968 1169 1118 1250 Αἰσχίνη,

158 1262 243 1352 άπερ
255 1260 427 1332 πιστότατ’
438 1264 527 1330 ἐστὶν
538 1260 715 1345 ἁπάντων,
736 1261 793 1328 καί
810 1257 874 1328 ούκ
892 1258 1001 1328 ἔνεστ’
1018 1268 1120 1331 εἰπεῖν

159 1361 236 1432 οὐδ’
259 1363 473 1431 αἰτιάσασθαι
487 1358 530 1440 ὡς
547 1358 570 1448 ἢ
589 1360 791 1445 πεπεισμένα
811 1354 836 1445 ἢ
856 1360 1059 1446 χαριζόμενά
1076 1357 1118 1449 αφ’

159 1466 228 1532 ἐστι
243 1470 397 1545 τοιαῦτα,
420 1458 491 1529 ἀλλ’
502 1457 620 1548 οἰάπερ
639 1458 724 1527 αύτά
735 1457 883 1544 προδούς
893 1461 949 1527 καὶ
963 1465 1119 1546 διαφθεί-
1128 1475 1162 1531 371

159 1586 220 1647 ρας
231 1559 275 1627 συ
285 1566 475 1646 πεποίηκας,
486 1566 600 1626 τοιαυτ
597 1555 831 1643 ’ἐξεταζόμενα
846 1564 1010 1644 φαίνεται.
1039 1583 1120 1642 προς

160 1659 196 1728 δὲ
212 1673 280 1738 τοῖς
295 1659 486 1745 πράγμασιν
504 1654 604 1736 αύτδς
621 1655 740 1725 αὐτίκα
751 1655 791 1744 δὴ
810 1656 853 1724 σύ
869 1665 1000 1726 σαυτοῦ
1018 1685 1118 1726 κατα-

158 1758 388 1847 μαρτυρήσας.
421 1754 602 1842 ἀπόκριναι
619 1755 682 1841 γάρ
706 1753 793 1840 δεῦρ’
813 1753 968 1836 ἀναστάς
982 1782 1050 1843 μοι.
1080 1744 1119 1824 ού

158 1854 224 1942 γάρ
235 1855 275 1942 δη
288 1857 328 1923 δι’
340 1856 493 1942 ἀπειρίαν
510 1880 548 1940 γε
566 1879 608 1921 ου
598 1851 743 1941 ’φήσεις
754 1850 879 1940 ἐχεινό
891 1881 923 1921 τι
942 1864 1054 1943 είπης·
1085 1880 1119 1933 ος

157 1950 1119 2040 γάράγωναςκαινούςύσπερδράματα,καλτούτουςάμαρ-

157 2050 291 2133 πόρους,
304 2048 387 2134 πρὸς
399 2053 702 2138 διαμεμετρημένην
711 2049 775 2138 τὴν
783 2049 911 2138 ἡμέραν
922 2055 1030 2135 αἰρείς
1042 2052 1118 2120 διά-

158 2173 239 2233 κων,
252 2151 357 2235 δῆλον
367 2145 418 2216 ὅτι
430 2148 607 2228 πάνδεινος
619 2148 649 2217 εἰ
658 2178 715 2230 τις.

98 2282 146 2335 121
242 2255 385 2317 Πολλῶν
395 2255 511 2316 τοίνυν
521 2251 576 2316 καί
588 2247 708 2317 δεινοῖν
719 2248 829 2317 όντων
845 2258 913 2316 τῶν
925 2251 1117 2336 πεπραγμέ-

158 2373 229 2415 νων
239 2353 379 2435 Αἰσχίνη
391 2350 523 2436 τουτφί,
539 2348 594 2415 καί
604 2346 734 2435 πολλὴν
750 2355 870 2416 κακίαν
886 2349 1053 2434 ἐχόντων,
1075 2345 1117 2427 οδς

158 2447 214 2513 καὶ
230 2443 311 2531 ὑμίν
340 2441 432 2531 οἰμαι
451 2449 579 2531 δοκείν,
604 2444 705 2515 οὐδέν
715 2450 805 2514 ἐστιν
814 2439 859 2516 ού
873 2449 985 2533 μέλλω
996 2451 1113 2534 λέγειν,

158 2540 202 2621 ὥς
213 2540 278 2627 ἐγώ
289 2549 403 2629 κρίνω,
414 2543 613 2630 δεινότερον,
632 2543 707 2612 οὐδ’
721 2543 742 2613 ὅ
751 2571 783 2635 τι
793 2554 923 2632 μᾶλλον
940 2544 996 2615 ἐπ’
1014 2545 1114 2615 αύτο-

157 2641 261 2729 φάρφ
284 2641 566 2728 δεδωροδοκηκότ’
582 2641 695 2712 ἀὐτόν
715 2646 772 2712 καί
798 2644 993 2730 πεπρακότα
1014 2643 1113 2714 πάντ’

154 2740 322 2824 ἐξελέγξει.
352 2739 462 2823 ἐπειδὴ
472 2737 538 2824 γάρ
554 2739 761 2809 ἀπεστέλλετ’
774 2735 876 2821 αὖθις
893 2735 939 2809 αὖ
951 2741 989 2811 τό
998 2753 1114 2828 ,τρίτον

155 2832 235 2912 τούς
251 2837 403 2921 πρέσβεις
421 2833 465 2913 ὡς
481 2835 542 2903 τόν
557 2847 740 2925 Φίλιππον,
764 2843 814 2910 ἐπὶ
836 2856 906 2921 ταῖς
928 2852 1049 2923 καλαῖς
1064 2846 1115 2911 καὶ

157 2933 315 3020 μεγάλαις
328 2936 435 3001 ἐλπίσι
451 2932 587 3016 ταύταις
605 2934 655 3017 αἰς
671 2932 769 3019 οὗτος
784 2936 971 3026 ὑπέσχητο,
993 2945 1115 3028 ἐχειρο-

157 3033 320 3122 τονήσατε
336 3037 392 3102 καί
406 3043 527 3103 τούτου
544 3033 628 3122 κάμὲ
644 3041 699 3117 καί
709 3046 779 3105 τοῖν
789 3036 901 3105 ἀλλων
922 3038 1005 3117 τούς
1026 3048 1114 3108 πλεί-

97 3159 146 3212 122
159 3152 259 3212 στους
265 3130 343 3211 τοὺς
355 3130 488 3214 αύτούς.
501 3134 565 3222 ε’γοδ
578 3139 639 3221 μὲν
651 3135 690 3222 δὴ
704 3135 886 3222 παρελθών
897 3137 1114 3224 ἐξωμοσάμην

157 3229 295 3320 εύθέως,
307 3236 363 3301 καί
373 3236 618 3320 θορυβούντων
627 3242 730 3302 τινων
738 3239 793 3303 καί
803 3235 1015 3303 κελευόντων
1020 3241 1115 3322 βαδί-

160 3337 226 3410 ζειν
242 3331 304 3399 ούκ
321 3327 363 3399 ἀν
377 3338 463 3418 ἔφην
480 3331 654 3402 ἀπελθεῖν·
673 3325 771 3412 οὗτος
788 3333 818 3401 δ’
838 3335 1111 3420 ἐκεχειροτόνητο.

158 3427 270 3513 ἐπειδὴ
284 3426 320 3496 δ’
331 3429 451 3515 ἀνέστη
462 3431 543 3516 μετά
554 3429 651 3500 ταῦθ’
664 3429 684 3518 ἡ
696 3435 867 3519 ἐκκλησία,
887 3434 1113 3509 συνελθόντες

159 3524 375 3609 ἐβουλεύονθ’
389 3519 482 3597 οὗτοι
498 3527 556 3597 τίν’
571 3527 678 3598 αὐτοῦ
690 3526 957 3612 καταλείδουσιν.
991 3536 1039 3599 ἐτι
1050 3529 1111 3617 γάρ
