2340 3894
224 202 351 264 ΠΕΡΙ
381 200 489 261 ΤΗΣ
516 198 969 263 ΠΑΡΑΠΡΕΣΒΕΙΑΣ.
1010 201 1072 265 341

117 367 353 451 περιγενέσθαι
368 364 420 429 δεί
432 357 514 482 τούς
525 357 566 426 τά
583 361 735 445 βέλτιστα
746 361 903 444 λέγοντας
912 387 1011 448 τωνη
999 356 1070 430 ”’δι

56 461 140 520 186
116 486 287 546 αγνοιανη
275 455 355 524 ”aad
367 461 555 544 μοχθηρίαν
568 455 820 542 ἀντιλεγόντων.
857 455 947 542 ίῳ’”
925 480 1027 533 απασι
1038 460 1074 528 δὲ

116 557 265 641 τούτοις,
287 554 421 623 ἐπειδὰν
436 555 492 621 καὶ
510 557 712 640 δεδογμένον
722 581 743 645 η
732 547 811 623 καί
821 556 1071 643 σνμφίρονῆδη

117 661 297 772 φαίνηται,
320 652 444 738 χρόνον
456 656 509 719 δεῖ
519 655 721 772 δοθῆναιπῇ
723 653 1074 723 τωνπολλωνάδυνα-

118 762 194 841 μέμ,
215 754 253 818 ἐν
269 741 362 839 ωκαλ
372 772 568 831 ποριουνται
578 747 678 817 ταυθ
693 777 742 820 ων
753 779 796 819 αν
806 750 1005 838 δεωνται,
985 778 1074 829 οπως

117 877 159 918 τα
147 848 314 968 βόξαντα
324 848 380 915 καί
391 850 565 932 δυνηθῶσι
575 853 719 933 ποιῆσαι.
753 875 772 917 ο
761 845 830 935 ’δη
843 848 921 928 τούς
931 851 1074 936 ’χρόνους

117 947 259 1031 τούτους
274 942 423 1029 ἀναιρῶν
437 953 495 1032 τῆς
512 947 565 1013 οια
582 944 663 1029 παρ’
681 943 762 1031 ἡμῖν
779 948 848 1019 ἐστι
858 954 1022 1026 πολιτείας
1032 944 1073 1014 ού

116 1044 260 1131 χρόνους
270 1039 438 1130 ἀνῄρηκεν
449 1035 618 1127 ούτος,ού,
628 1040 711 1111 ἀλλά
722 1040 762 1111 τά
774 1044 949 1131 πράγματα
960 1043 1074 1123 ἁπλῶς

118 1140 295 1230 ἀφῄρηται.

56 1232 120 1305 187
194 1240 287 1307 ’Ἐστι
302 1245 418 1319 τοίνυν
435 1263 483 1317 τις
493 1238 666 1323 πρόχειρος
677 1238 775 1323 λόγος
786 1249 866 1308 πᾶσι
875 1256 943 1321 τοῖς
954 1247 1072 1322 ἐξαπα-

119 1346 182 1407 τᾶν
201 1333 296 1422 ὑμᾶς
302 1338 520 1423 βουλομένοις
533 1333 589 1403 “οί
602 1337 816 1419 ταράττοντες
832 1338 894 1424 τὴν
904 1342 1017 1426 πόλιν,
1042 1344 1076 1408 οί

112 1433 377 1514 ’διακωλύοντες
388 1442 553 1502 Φίλιππον
564 1427 604 1502 εὖ
615 1441 750 1521 ποιησαι
761 1433 823 1522 τὴν
834 1436 957 1505 πόλιν.”
991 1436 1074 1524 πρὸς
1140 1487 1145 1500 x

120 1533 181 1613 ούς
192 1533 256 1620 ἐγώ
268 1533 369 1618 λόγον
379 1532 441 1620 μὲν
451 1530 573 1605 οὐδένα
585 1536 664 1620 ε’ρεδ,
686 1531 745 1611 τὰς
762 1532 791 1600 δ’
810 1533 983 1614 ἐπιστολὰς
994 1533 1074 1622 ὑμῖν

119 1631 356 1717 ἀναγνώσομαι
366 1630 425 1710 τὰς
434 1638 496 1699 τοῦ
507 1637 691 1718 Φιλίππου,
704 1633 759 1700 καὶ
769 1631 848 1715 τούς
858 1631 1006 1719 καιρούς,
1018 1630 1072 1719 ἐφ’

120 1723 171 1799 ύν
192 1721 313 1799 ἕκαστα
331 1729 538 1815 ἐξηπάτησθε
556 1727 756 1816 ὑπομνήσω,
778 1730 818 1799 ἵν’
839 1731 948 1818 εἰδῆθ’
967 1731 1019 1799 ότι
1035 1729 1072 1800 τδ
1085 1747 1136 1800 400

115 1827 251 1914 modae
261 1834 359 1894 τοῦτο
371 1824 494 1914 όνομα,
505 1824 542 1895 τό
556 1826 632 1914 ἀχρι
642 1828 756 1914 κόρου,
768 1828 977 1918 παρελήλυθ’
990 1834 1075 1898 ἐκεῖ·

119 1953 179 2006 νος
192 1932 378 2013 φενακίζων
389 1924 483 2012 ὑμᾶς.

342 2099 598 2160 ΕΠΙΣΤΟΛΑΙ
618 2100 851 2162 ΦΙΛΙΠΠΟῬ.

56 2233 114 2290 188
207 2219 306 2288 Οὕτω
326 2206 443 2287 τοίνυν
464 2221 582 2338 αἰσχροὶ
601 2192 779 2289 καὶπολλὰ
795 2225 850 2290 καὶ
867 2224 975 2291 ποίντα
992 2221 1071 2292 καθ’

122 2317 219 2405 ύμων
238 2314 493 2404 πεπρεσβευκως
516 2341 653 2399 περιιωυ
675 2315 786 2402 λέγει
789 2317 835 2386 ’τί
853 2315 924 2386 δ’
909 2317 951 2386 ἀν
972 2329 1075 2398 είποις

115 2413 214 2503 “περὶ
225 2419 482 2503 Δημοσθένους,
495 2413 531 2494 ὃς
540 2441 609 2484 των
619 2418 858 2504 συμπρέσβεων
867 2410 1073 2537 κατηγορει;”

121 2512 240 2601 νὴΔί,
248 2524 312 2583 είτε
322 2514 491 2602 βούλομαί
496 2541 517 2600 γ
517 2511 596 2582 είτε
608 2540 663 2602 μη,
672 2538 738 2597 παρ
737 2511 839 2599 ’ὅλην
849 2515 956 2600 μὲν
920 2541 981 2600 την
989 2538 1075 2581 απο-

122 2611 272 2714 δημίαν’
252 2611 318 2682 υπὸ
332 2621 395 2681 σου
404 2620 540 2682 τοιαῦτα
549 2614 875 2701 ἐπιβεβουλευμένος,
884 2617 979 2680 δυοίν
988 2607 1075 2679 δ’ί·
1022 2614 1075 2679 αἱ·

121 2717 243 2798 ρεσεως
254 2713 358 2800 ουσης
368 2739 424 2800 μοι
434 2708 558 2801 νυνὶ,η
575 2737 736 2781 τοιουτων
747 2737 857 2779 οντων
867 2737 934 2779 των
945 2733 1074 2794 πεπρα
1122 2770 1126 2779 .

57 2824 111 2880 189
119 2814 252 2897 γμευων
263 2817 375 2879 δοκειν
385 2827 560 2881 κοινωνεῖν
570 2809 666 2898 υμῖν,
686 2838 707 2898 η
725 2825 929 2906 κατηγορεῖν.
964 2806 1071 2896 ἐγοδδ

121 2906 202 2976 οὐδὲ
213 2915 562 3025 συμπεπρεσβευκέναι
573 2917 661 2997 φημί
669 2929 737 2995 σοι,
756 2901 952 2996 πρεσβεύειν
963 2910 1075 2995 μέντοι

120 3007 159 3076 σὲ
175 3004 237 3092 μὲν
253 3004 358 3073 πολλοὶ
376 3009 432 3073 καί
449 3006 558 3093 δεινά,
580 3004 726 3093 ίμαυτόν
743 3007 776 3073 δ’
788 3003 873 3092 ὑπὲρ
885 2996 1072 3075 τουτωνὶ
1035 3031 1075 3073 τα

120 3108 282 3194 βέλτιστα.
315 3101 398 3172 ἀλλά
411 3105 616 3192 Φιλοκρατης
627 3125 681 3172 σοι
691 3109 1001 3193 συμπεπρέσβευκε
1013 3100 1077 3171 κά-

120 3211 220 3295 κείνῳ
244 3199 304 3287 σύ,
327 3205 382 3270 καὶ
400 3202 560 3287 Φρύνων·
582 3201 676 3290 ὑμεῖς
696 3201 760 3289 γὰρ
778 3212 861 3271 ταῦτ
864 3201 1075 3286 ’ἐπράττειε,

119 3307 291 3373 καὶταῦτα
301 3308 404 3369 πᾶσιν
414 3299 494 3386 ύμῖν
504 3301 651 3389 ἤρεσκεν.
669 3311 751 3372 ποῦ
762 3300 792 3370 δ’
810 3301 903 3380 δλες;
919 3305 985 3367 ποῦ
996 3297 1076 3383 τροί-

118 3409 216 3498 πεζας
248 3410 316 3470 πού
343 3403 499 3494 σπουδαίη
530 3409 634 3469 ταῦτα
661 3397 912 3488 γάρτραγῳδεῖ
929 3395 1076 3486 περιιών,
