<?xml version="1.0" encoding="UTF-8"?>
<!DOCTYPE html PUBLIC "-//W3C//DTD XHTML 1.0 Transitional//EN"
    "http://www.w3.org/TR/xhtml1/DTD/xhtml1-transitional.dtd">
<html xmlns="http://www.w3.org/1999/xhtml" xml:lang="en" lang="en">
 <head>
  <title>
</title>
<meta http-equiv="Content-Type" content="text/html;charset=utf-8" />
  <meta name='ocr-system' content='tesseract 3.04.00' />
  <meta name='ocr-capabilities' content='ocr_page ocr_carea ocr_par ocr_line ocrx_word'/>
</head>
<body>
  <div class='ocr_page' id='page_1' title='image "./orationesexrece03demogoog_0227.png"; bbox 0 0 2340 3894; ppageno 0'>
   <div class='ocr_carea' id='block_1_1' title="bbox 160 178 917 283">
    <p class='ocr_par' dir='ltr' id='par_1_1' title="bbox 160 178 917 283">
     <span class='ocr_line' id='line_1_1' title="bbox 160 178 917 283; baseline -0.009 0"><span class='ocrx_word' id='word_1_1' title='bbox 160 178 207 283; x_wconf 83' lang='grc' dir='ltr'><em>οο</em></span> <span class='ocrx_word' id='word_1_2' title='bbox 358 219 427 278; x_wconf 79' lang='lat' dir='ltr'><em>vm.</em></span> <span class='ocrx_word' id='word_1_3' title='bbox 459 206 917 278; x_wconf 75' lang='grc' dir='ltr'><em>ΔΗΜοΣοαΝονΣ</em></span> 
     </span>
    </p>
   </div>
   <div class='ocr_carea' id='block_1_2' title="bbox 16 372 1164 3509">
    <p class='ocr_par' dir='ltr' id='par_1_2' title="bbox 16 372 1164 3501">
     <span class='ocr_line' id='line_1_2' title="bbox 162 372 1121 467; baseline -0.005 -21"><span class='ocrx_word' id='word_1_4' title='bbox 162 388 252 467; x_wconf 87' lang='grc' dir='ltr'><em>βητε,</em></span> <span class='ocrx_word' id='word_1_5' title='bbox 275 384 375 446; x_wconf 86' lang='grc' dir='ltr'><em>πλείω</em></span> <span class='ocrx_word' id='word_1_6' title='bbox 396 385 465 446; x_wconf 88' lang='grc' dir='ltr'><em>τῶν</em></span> <span class='ocrx_word' id='word_1_7' title='bbox 485 372 597 454; x_wconf 82' lang='grc' dir='ltr'><em>ἀλλων</em></span> <span class='ocrx_word' id='word_1_8' title='bbox 618 373 812 458; x_wconf 76' lang='grc' dir='ltr'><em>ἀνθρώπων</em></span> <span class='ocrx_word' id='word_1_9' title='bbox 833 372 992 442; x_wconf 86' lang='grc' dir='ltr'><em>ἁπάντων</em></span> <span class='ocrx_word' id='word_1_10' title='bbox 1014 374 1121 462; x_wconf 79' lang='grc' dir='ltr'><em>δυνή-</em></span> 
     </span>
     <span class='ocr_line' id='line_1_3' title="bbox 164 488 274 546; baseline -0.009 -1"><span class='ocrx_word' id='word_1_11' title='bbox 164 488 274 546; x_wconf 87' lang='grc' dir='ltr'><em>σεσθε.</em></span> 
     </span>
     <span class='ocr_line' id='line_1_4' title="bbox 76 568 1120 659; baseline -0.005 -15"><span class='ocrx_word' id='word_1_12' title='bbox 76 620 77 624; x_wconf 62' lang='lat'><em>=</em></span> <span class='ocrx_word' id='word_1_13' title='bbox 121 599 155 653; x_wconf 75' lang='lat'>61</span> <span class='ocrx_word' id='word_1_14' title='bbox 225 575 280 653; x_wconf 80' lang='grc' dir='ltr'><em>Ὡς</em></span> <span class='ocrx_word' id='word_1_15' title='bbox 291 568 354 643; x_wconf 83' lang='grc' dir='ltr'><em>οὖν</em></span> <span class='ocrx_word' id='word_1_16' title='bbox 365 572 448 659; x_wconf 74' lang='grc' dir='ltr'><em>ὑπὲρ</em></span> <span class='ocrx_word' id='word_1_17' title='bbox 459 581 527 640; x_wconf 92' lang='grc' dir='ltr'><em>τῶν</em></span> <span class='ocrx_word' id='word_1_18' title='bbox 536 573 683 657; x_wconf 76' lang='grc' dir='ltr'><em>ἐσχάτων</em></span> <span class='ocrx_word' id='word_1_19' title='bbox 692 570 788 650; x_wconf 82' lang='grc' dir='ltr'><em>ὄντος</em></span> <span class='ocrx_word' id='word_1_20' title='bbox 798 579 860 640; x_wconf 84' lang='grc' dir='ltr'><em>τοὺ</em></span> <span class='ocrx_word' id='word_1_21' title='bbox 871 571 999 656; x_wconf 83' lang='grc' dir='ltr'><em>ἀγῶνος</em></span> <span class='ocrx_word' id='word_1_22' title='bbox 1014 593 1120 655; x_wconf 87' lang='grc' dir='ltr'><em>προσ-</em></span> 
     </span>
     <span class='ocr_line' id='line_1_5' title="bbox 162 669 1120 760; baseline -0.002 -19"><span class='ocrx_word' id='word_1_23' title='bbox 162 674 235 760; x_wconf 82' lang='grc' dir='ltr'><em>ήκει</em></span> <span class='ocrx_word' id='word_1_24' title='bbox 256 671 343 740; x_wconf 80' lang='grc' dir='ltr'><em>οὑτοι</em></span> <span class='ocrx_word' id='word_1_25' title='bbox 359 673 573 758; x_wconf 76' lang='grc' dir='ltr'><em>γιγνώσκειν,</em></span> <span class='ocrx_word' id='word_1_26' title='bbox 598 673 653 738; x_wconf 80' lang='grc' dir='ltr'><em>καὶ</em></span> <span class='ocrx_word' id='word_1_27' title='bbox 674 671 753 750; x_wconf 90' lang='grc' dir='ltr'><em>τοὺς</em></span> <span class='ocrx_word' id='word_1_28' title='bbox 769 672 978 754; x_wconf 88' lang='grc' dir='ltr'><em>πεπρακότας</em></span> <span class='ocrx_word' id='word_1_29' title='bbox 995 669 1120 749; x_wconf 83' lang='grc' dir='ltr'><em>αὑτοὺς</em></span> 
     </span>
     <span class='ocr_line' id='line_1_6' title="bbox 162 766 1116 860; baseline -0.001 -22"><span class='ocrx_word' id='word_1_30' title='bbox 162 776 276 860; x_wconf 76' lang='grc' dir='ltr'><em>ἐκείνῳ</em></span> <span class='ocrx_word' id='word_1_31' title='bbox 288 784 396 858; x_wconf 80' lang='grc' dir='ltr'><em>μισεῖν</em></span> <span class='ocrx_word' id='word_1_32' title='bbox 408 771 464 836; x_wconf 78' lang='grc' dir='ltr'><em>καὶ</em></span> <span class='ocrx_word' id='word_1_33' title='bbox 474 766 759 854; x_wconf 70' lang='grc' dir='ltr'><em>ἀποτυμπανίσαι·</em></span> <span class='ocrx_word' id='word_1_34' title='bbox 784 766 826 836; x_wconf 90' lang='lat'><em>06</em></span> <span class='ocrx_word' id='word_1_35' title='bbox 842 768 905 853; x_wconf 90' lang='grc' dir='ltr'><em>γάρ</em></span> <span class='ocrx_word' id='word_1_36' title='bbox 923 774 1030 854; x_wconf 83' lang='grc' dir='ltr'><em>ἔστιν,</em></span> <span class='ocrx_word' id='word_1_37' title='bbox 1053 768 1116 839; x_wconf 82' lang='grc' dir='ltr'><em>οὐκ</em></span> 
     </span>
     <span class='ocr_line' id='line_1_7' title="bbox 162 865 1116 954; baseline -0.002 -17"><span class='ocrx_word' id='word_1_38' title='bbox 162 876 230 937; x_wconf 77' lang='grc' dir='ltr'><em>ἔστι</em></span> <span class='ocrx_word' id='word_1_39' title='bbox 241 877 309 936; x_wconf 90' lang='grc' dir='ltr'><em>τῶν</em></span> <span class='ocrx_word' id='word_1_40' title='bbox 321 874 382 947; x_wconf 77' lang='grc' dir='ltr'><em>ἔξω</em></span> <span class='ocrx_word' id='word_1_41' title='bbox 403 875 460 953; x_wconf 84' lang='grc' dir='ltr'><em>τῆς</em></span> <span class='ocrx_word' id='word_1_42' title='bbox 478 868 605 945; x_wconf 84' lang='grc' dir='ltr'><em>πόλεως</em></span> <span class='ocrx_word' id='word_1_43' title='bbox 626 869 758 952; x_wconf 78' lang='grc' dir='ltr'><em>ἐχθρῶν</em></span> <span class='ocrx_word' id='word_1_44' title='bbox 779 876 949 954; x_wconf 77' lang='grc' dir='ltr'><em>κρατῆσαι,</em></span> <span class='ocrx_word' id='word_1_45' title='bbox 970 871 1052 952; x_wconf 73' lang='grc' dir='ltr'><em>πρὶν</em></span> <span class='ocrx_word' id='word_1_46' title='bbox 1073 865 1116 936; x_wconf 81' lang='grc' dir='ltr'><em>ἀν</em></span> 
     </span>
     <span class='ocr_line' id='line_1_8' title="bbox 162 961 1118 1054; baseline -0.002 -18"><span class='ocrx_word' id='word_1_47' title='bbox 162 967 240 1046; x_wconf 91' lang='grc' dir='ltr'><em>τοὺς</em></span> <span class='ocrx_word' id='word_1_48' title='bbox 251 971 287 1034; x_wconf 83' lang='grc' dir='ltr'><em>ἐν</em></span> <span class='ocrx_word' id='word_1_49' title='bbox 299 963 384 1053; x_wconf 79' lang='grc' dir='ltr'><em>αὐτῇ</em></span> <span class='ocrx_word' id='word_1_50' title='bbox 392 974 433 1054; x_wconf 79' lang='grc' dir='ltr'><em>τῇ</em></span> <span class='ocrx_word' id='word_1_51' title='bbox 444 965 538 1033; x_wconf 89' lang='grc' dir='ltr'><em>πόλει</em></span> <span class='ocrx_word' id='word_1_52' title='bbox 553 961 705 1050; x_wconf 79' lang='grc' dir='ltr'><em>κολάσητ’</em></span> <span class='ocrx_word' id='word_1_53' title='bbox 717 967 859 1051; x_wconf 83' lang='grc' dir='ltr'><em>ἐχθροὺς</em></span> <span class='ocrx_word' id='word_1_54' title='bbox 869 963 1118 1051; x_wconf 75' lang='grc' dir='ltr'><em>ὑπηρετοῦντας</em></span> 
     </span>
     <span class='ocr_line' id='line_1_9' title="bbox 164 1061 1118 1153; baseline -0.003 -19"><span class='ocrx_word' id='word_1_55' title='bbox 164 1070 289 1153; x_wconf 77' lang='grc' dir='ltr'><em>ἐκείνῳ,</em></span> <span class='ocrx_word' id='word_1_56' title='bbox 302 1061 370 1131; x_wconf 84' lang='grc' dir='ltr'><em>ἀλλ’</em></span> <span class='ocrx_word' id='word_1_57' title='bbox 385 1061 513 1149; x_wconf 77' lang='grc' dir='ltr'><em>ἀνάγκη</em></span> <span class='ocrx_word' id='word_1_58' title='bbox 531 1063 661 1141; x_wconf 82' lang='grc' dir='ltr'><em>τούτοις</em></span> <span class='ocrx_word' id='word_1_59' title='bbox 684 1061 795 1148; x_wconf 84' lang='grc' dir='ltr'><em>ῶσπερ</em></span> <span class='ocrx_word' id='word_1_60' title='bbox 812 1063 991 1148; x_wconf 77' lang='grc' dir='ltr'><em>προβόλοις</em></span> <span class='ocrx_word' id='word_1_61' title='bbox 1013 1085 1118 1149; x_wconf 85' lang='grc' dir='ltr'><em>προσ-</em></span> 
     </span>
     <span class='ocr_line' id='line_1_10' title="bbox 16 1153 1119 1245; baseline -0.001 -15"><span class='ocrx_word' id='word_1_62' title='bbox 16 1153 25 1161; x_wconf 36' lang='lat'><em>*</em></span> <span class='ocrx_word' id='word_1_63' title='bbox 121 1191 157 1245; x_wconf 71' lang='lat'><em>52</em></span> <span class='ocrx_word' id='word_1_64' title='bbox 165 1170 340 1241; x_wconf 89' lang='grc' dir='ltr'><em>πταίοντας</em></span> <span class='ocrx_word' id='word_1_65' title='bbox 346 1159 525 1244; x_wconf 81' lang='grc' dir='ltr'><em>ὑστερίζειν</em></span> <span class='ocrx_word' id='word_1_66' title='bbox 535 1164 679 1229; x_wconf 81' lang='grc' dir='ltr'><em>ἐκείνων.</em></span> <span class='ocrx_word' id='word_1_67' title='bbox 692 1162 802 1228; x_wconf 86' lang='grc' dir='ltr'><em>πόθεν</em></span> <span class='ocrx_word' id='word_1_68' title='bbox 812 1171 924 1229; x_wconf 75' lang='grc' dir='ltr'><em>οἴεσθε</em></span> <span class='ocrx_word' id='word_1_69' title='bbox 936 1171 1002 1230; x_wconf 87' lang='grc' dir='ltr'><em>νὺν</em></span> <span class='ocrx_word' id='word_1_70' title='bbox 1013 1158 1119 1231; x_wconf 80' lang='grc' dir='ltr'><em>αὑτὸν</em></span> 
     </span>
     <span class='ocr_line' id='line_1_11' title="bbox 163 1256 1164 1348; baseline 0.001 -20"><span class='ocrx_word' id='word_1_71' title='bbox 163 1259 309 1348; x_wconf 78' lang='grc' dir='ltr'><em>ὑβρίζειν</em></span> <span class='ocrx_word' id='word_1_72' title='bbox 327 1258 415 1347; x_wconf 79' lang='grc' dir='ltr'><em>ὑμᾶς</em></span> <span class='ocrx_word' id='word_1_73' title='bbox 435 1259 549 1343; x_wconf 72' lang='grc' dir='ltr'><em>(οὐδὲν</em></span> <span class='ocrx_word' id='word_1_74' title='bbox 566 1259 630 1344; x_wconf 83' lang='grc' dir='ltr'><em>γάρ</em></span> <span class='ocrx_word' id='word_1_75' title='bbox 649 1258 718 1327; x_wconf 82' lang='grc' dir='ltr'><em>ἀλλ’</em></span> <span class='ocrx_word' id='word_1_76' title='bbox 738 1266 846 1345; x_wconf 80' lang='grc' dir='ltr'><em>ἔμοιγε</em></span> <span class='ocrx_word' id='word_1_77' title='bbox 864 1265 958 1328; x_wconf 78' lang='grc' dir='ltr'><em>δοκεῖ</em></span> <span class='ocrx_word' id='word_1_78' title='bbox 971 1275 1080 1328; x_wconf 75' lang='grc' dir='ltr'><em>ποιεῖν</em></span> <span class='ocrx_word' id='word_1_79' title='bbox 1097 1256 1164 1346; x_wconf 77' lang='lat'>6105</span> 
     </span>
     <span class='ocr_line' id='line_1_12' title="bbox 163 1352 1115 1446; baseline 0 -18"><span class='ocrx_word' id='word_1_80' title='bbox 163 1365 277 1444; x_wconf 79' lang='grc' dir='ltr'><em>τοῦτο)</em></span> <span class='ocrx_word' id='word_1_81' title='bbox 287 1362 342 1428; x_wconf 81' lang='grc' dir='ltr'><em>καὶ</em></span> <span class='ocrx_word' id='word_1_82' title='bbox 353 1361 431 1438; x_wconf 89' lang='grc' dir='ltr'><em>τοὺς</em></span> <span class='ocrx_word' id='word_1_83' title='bbox 442 1360 502 1445; x_wconf 75' lang='grc' dir='ltr'><em>μὲν</em></span> <span class='ocrx_word' id='word_1_84' title='bbox 513 1359 635 1436; x_wconf 84' lang='grc' dir='ltr'><em>ἀλλους</em></span> <span class='ocrx_word' id='word_1_85' title='bbox 649 1352 689 1425; x_wconf 88' lang='grc' dir='ltr'><em>εὑ</em></span> <span class='ocrx_word' id='word_1_86' title='bbox 700 1368 860 1426; x_wconf 82' lang='grc' dir='ltr'><em>ποιοὺντα</em></span> <span class='ocrx_word' id='word_1_87' title='bbox 868 1411 877 1443; x_wconf 93' lang='grc'><em>,</em></span> <span class='ocrx_word' id='word_1_88' title='bbox 898 1366 928 1427; x_wconf 87' lang='grc' dir='ltr'><em>εί</em></span> <span class='ocrx_word' id='word_1_89' title='bbox 937 1359 1043 1446; x_wconf 71' lang='grc' dir='ltr'><em>μηδὲν</em></span> <span class='ocrx_word' id='word_1_90' title='bbox 1053 1358 1115 1428; x_wconf 83' lang='grc' dir='ltr'><em>άλ-</em></span> 
     </span>
     <span class='ocr_line' id='line_1_13' title="bbox 163 1453 1117 1543; baseline -0.003 -16"><span class='ocrx_word' id='word_1_91' title='bbox 163 1468 213 1543; x_wconf 89' lang='grc' dir='ltr'><em>λο,</em></span> <span class='ocrx_word' id='word_1_92' title='bbox 226 1461 405 1543; x_wconf 71' lang='grc' dir='ltr'><em>ἐξαπατῶν,</em></span> <span class='ocrx_word' id='word_1_93' title='bbox 428 1455 509 1541; x_wconf 77' lang='grc' dir='ltr'><em>ὑμῖν</em></span> <span class='ocrx_word' id='word_1_94' title='bbox 527 1456 558 1523; x_wconf 88' lang='grc' dir='ltr'><em>δ’</em></span> <span class='ocrx_word' id='word_1_95' title='bbox 578 1455 726 1524; x_wconf 78' lang='grc' dir='ltr'><em>ἀπειλεῖν·</em></span> <span class='ocrx_word' id='word_1_96' title='bbox 741 1457 820 1542; x_wconf 82' lang='grc' dir='ltr'><em>ἤδη;</em></span> <span class='ocrx_word' id='word_1_97' title='bbox 847 1453 920 1525; x_wconf 84' lang='grc' dir='ltr'><em>οἷον</em></span> <span class='ocrx_word' id='word_1_98' title='bbox 932 1458 1117 1536; x_wconf 74' lang='grc' dir='ltr'><em>Θετταλοὺς</em></span> 
     </span>
     <span class='ocr_line' id='line_1_14' title="bbox 164 1554 1117 1641; baseline -0.002 -16"><span class='ocrx_word' id='word_1_99' title='bbox 164 1556 269 1625; x_wconf 90' lang='grc' dir='ltr'><em>πολλά</em></span> <span class='ocrx_word' id='word_1_100' title='bbox 283 1555 363 1634; x_wconf 86' lang='grc' dir='ltr'><em>δοὺς</em></span> <span class='ocrx_word' id='word_1_101' title='bbox 379 1554 566 1641; x_wconf 84' lang='grc' dir='ltr'><em>ὑπηγάγετο</em></span> <span class='ocrx_word' id='word_1_102' title='bbox 584 1563 630 1633; x_wconf 88' lang='grc' dir='ltr'><em>είς</em></span> <span class='ocrx_word' id='word_1_103' title='bbox 645 1556 708 1641; x_wconf 81' lang='grc' dir='ltr'><em>την</em></span> <span class='ocrx_word' id='word_1_104' title='bbox 724 1563 789 1622; x_wconf 79' lang='grc' dir='ltr'><em>νῦν</em></span> <span class='ocrx_word' id='word_1_105' title='bbox 800 1563 975 1638; x_wconf 80' lang='grc' dir='ltr'><em>παροῦσαν</em></span> <span class='ocrx_word' id='word_1_106' title='bbox 987 1561 1117 1623; x_wconf 87' lang='grc' dir='ltr'><em>δουλεί-</em></span> 
     </span>
     <span class='ocr_line' id='line_1_15' title="bbox 163 1649 1117 1733; baseline -0.001 -11"><span class='ocrx_word' id='word_1_107' title='bbox 163 1681 220 1722; x_wconf 92' lang='grc' dir='ltr'><em>αν·</em></span> <span class='ocrx_word' id='word_1_108' title='bbox 243 1652 316 1722; x_wconf 85' lang='grc' dir='ltr'><em>οὑδ’</em></span> <span class='ocrx_word' id='word_1_109' title='bbox 331 1649 374 1721; x_wconf 82' lang='grc' dir='ltr'><em>ἀν</em></span> <span class='ocrx_word' id='word_1_110' title='bbox 391 1661 495 1722; x_wconf 78' lang='grc' dir='ltr'><em>εἰπεῖν</em></span> <span class='ocrx_word' id='word_1_111' title='bbox 512 1651 636 1720; x_wconf 80' lang='grc' dir='ltr'><em>δύναιτ’</em></span> <span class='ocrx_word' id='word_1_112' title='bbox 650 1651 759 1731; x_wconf 81' lang='grc' dir='ltr'><em>οὐδεὶς</em></span> <span class='ocrx_word' id='word_1_113' title='bbox 776 1652 839 1721; x_wconf 83' lang='grc' dir='ltr'><em>ὅσα</em></span> <span class='ocrx_word' id='word_1_114' title='bbox 856 1654 934 1733; x_wconf 85' lang='grc' dir='ltr'><em>τούς</em></span> <span class='ocrx_word' id='word_1_115' title='bbox 949 1654 1117 1721; x_wconf 83' lang='grc' dir='ltr'><em>ταλαιπῶ-</em></span> 
     </span>
     <span class='ocr_line' id='line_1_16' title="bbox 163 1750 1117 1838; baseline -0.001 -18"><span class='ocrx_word' id='word_1_116' title='bbox 163 1779 244 1835; x_wconf 91' lang='grc' dir='ltr'><em>ρους</em></span> <span class='ocrx_word' id='word_1_117' title='bbox 264 1750 462 1829; x_wconf 81' lang='grc' dir='ltr'><em>Ὀλυνθίους</em></span> <span class='ocrx_word' id='word_1_118' title='bbox 478 1752 641 1834; x_wconf 87' lang='grc' dir='ltr'><em>πρότερον</em></span> <span class='ocrx_word' id='word_1_119' title='bbox 653 1751 733 1829; x_wconf 89' lang='grc' dir='ltr'><em>δοὺς</em></span> <span class='ocrx_word' id='word_1_120' title='bbox 742 1755 923 1819; x_wconf 76' lang='grc' dir='ltr'><em>Ποτίδαιαν</em></span> <span class='ocrx_word' id='word_1_121' title='bbox 936 1752 1117 1838; x_wconf 78' lang='grc' dir='ltr'><em>ἐξηπάτησε</em></span> 
     </span>
     <span class='ocr_line' id='line_1_17' title="bbox 24 1847 1111 1936; baseline 0 -18"><span class='ocrx_word' id='word_1_122' title='bbox 24 1853 26 1864; x_wconf 82' lang='grc'><strong>’</strong></span> <span class='ocrx_word' id='word_1_123' title='bbox 117 1865 154 1919; x_wconf 80' lang='grc'><em>63</em></span> <span class='ocrx_word' id='word_1_124' title='bbox 163 1855 217 1917; x_wconf 79' lang='grc' dir='ltr'><em>καί</em></span> <span class='ocrx_word' id='word_1_125' title='bbox 229 1848 317 1921; x_wconf 87' lang='grc' dir='ltr'><em>πόλλ’</em></span> <span class='ocrx_word' id='word_1_126' title='bbox 331 1851 441 1936; x_wconf 77' lang='grc' dir='ltr'><em>ἕτερα·</em></span> <span class='ocrx_word' id='word_1_127' title='bbox 463 1857 630 1936; x_wconf 83' lang='grc' dir='ltr'><em>Θηβαίους</em></span> <span class='ocrx_word' id='word_1_128' title='bbox 647 1851 687 1916; x_wconf 83' lang='grc' dir='ltr'><em>τά</em></span> <span class='ocrx_word' id='word_1_129' title='bbox 700 1857 765 1916; x_wconf 83' lang='grc' dir='ltr'><em>νῦν</em></span> <span class='ocrx_word' id='word_1_130' title='bbox 777 1848 898 1933; x_wconf 82' lang='grc' dir='ltr'><em>ὑπάγει</em></span> <span class='ocrx_word' id='word_1_131' title='bbox 908 1847 970 1935; x_wconf 81' lang='grc' dir='ltr'><em>την</em></span> <span class='ocrx_word' id='word_1_132' title='bbox 980 1857 1111 1918; x_wconf 78' lang='grc' dir='ltr'><em>Βοιωτί-</em></span> 
     </span>
     <span class='ocr_line' id='line_1_18' title="bbox 163 1944 1118 2032; baseline 0.001 -20"><span class='ocrx_word' id='word_1_133' title='bbox 163 1973 206 2014; x_wconf 90' lang='grc' dir='ltr'><em>αν</em></span> <span class='ocrx_word' id='word_1_134' title='bbox 224 1944 337 2023; x_wconf 77' lang='grc' dir='ltr'><em>αὑτοῖς</em></span> <span class='ocrx_word' id='word_1_135' title='bbox 354 1947 524 2031; x_wconf 81' lang='grc' dir='ltr'><em>παραδούς</em></span> <span class='ocrx_word' id='word_1_136' title='bbox 540 1949 596 2013; x_wconf 83' lang='grc' dir='ltr'><em>καὶ</em></span> <span class='ocrx_word' id='word_1_137' title='bbox 612 1948 801 2026; x_wconf 82' lang='grc' dir='ltr'><em>ἀπαλλάξας</em></span> <span class='ocrx_word' id='word_1_138' title='bbox 826 1952 973 2032; x_wconf 81' lang='grc' dir='ltr'><em>πολέμου</em></span> <span class='ocrx_word' id='word_1_139' title='bbox 990 1956 1118 2016; x_wconf 74' lang='grc' dir='ltr'><em>πολλοι]</em></span> 
     </span>
     <span class='ocr_line' id='line_1_19' title="bbox 162 2044 1114 2132; baseline 0 -20"><span class='ocrx_word' id='word_1_140' title='bbox 162 2047 217 2112; x_wconf 81' lang='grc' dir='ltr'><em>καὶ</em></span> <span class='ocrx_word' id='word_1_141' title='bbox 233 2052 396 2130; x_wconf 79' lang='grc' dir='ltr'><em>χαλεποῦ·</em></span> <span class='ocrx_word' id='word_1_142' title='bbox 420 2044 503 2112; x_wconf 85' lang='grc' dir='ltr'><em>ῶστε</em></span> <span class='ocrx_word' id='word_1_143' title='bbox 521 2048 781 2132; x_wconf 86' lang='grc' dir='ltr'><em>καρπωσάμενοί</em></span> <span class='ocrx_word' id='word_1_144' title='bbox 793 2073 868 2113; x_wconf 92' lang='grc' dir='ltr'><em>τινα</em></span> <span class='ocrx_word' id='word_1_145' title='bbox 888 2049 1021 2114; x_wconf 76' lang='grc' dir='ltr'><em>ἕκαστοι</em></span> <span class='ocrx_word' id='word_1_146' title='bbox 1037 2047 1114 2113; x_wconf 88' lang='grc' dir='ltr'><em>τοό-</em></span> 
     </span>
     <span class='ocr_line' id='line_1_20' title="bbox 162 2141 1118 2230; baseline 0.002 -20"><span class='ocrx_word' id='word_1_147' title='bbox 162 2169 230 2210; x_wconf 84' lang='grc' dir='ltr'><em>των</em></span> <span class='ocrx_word' id='word_1_148' title='bbox 251 2147 444 2222; x_wconf 86' lang='grc' dir='ltr'><em>πλεονεξίαν</em></span> <span class='ocrx_word' id='word_1_149' title='bbox 466 2147 500 2210; x_wconf 78' lang='lat' dir='ltr'><em>oc</em></span> <span class='ocrx_word' id='word_1_150' title='bbox 520 2145 583 2228; x_wconf 77' lang='grc' dir='ltr'><em>μὲν</em></span> <span class='ocrx_word' id='word_1_151' title='bbox 600 2141 662 2230; x_wconf 78' lang='grc' dir='ltr'><em>ἤδη</em></span> <span class='ocrx_word' id='word_1_152' title='bbox 682 2144 893 2212; x_wconf 72' lang='grc' dir='ltr'><em>πεπόνθασιν</em></span> <span class='ocrx_word' id='word_1_153' title='bbox 910 2141 985 2229; x_wconf 78' lang='grc' dir='ltr'><em>δίδη</em></span> <span class='ocrx_word' id='word_1_154' title='bbox 997 2144 1118 2222; x_wconf 88' lang='grc' dir='ltr'><em>πάντες</em></span> 
     </span>
     <span class='ocr_line' id='line_1_21' title="bbox 161 2233 1160 2329; baseline 0.001 -20"><span class='ocrx_word' id='word_1_155' title='bbox 161 2249 283 2325; x_wconf 83' lang='grc' dir='ltr'><em>ίσασιν,</em></span> <span class='ocrx_word' id='word_1_156' title='bbox 295 2245 329 2309; x_wconf 76' lang='lat' dir='ltr'><em>oc</em></span> <span class='ocrx_word' id='word_1_157' title='bbox 339 2240 369 2308; x_wconf 84' lang='grc' dir='ltr'><em>δ’</em></span> <span class='ocrx_word' id='word_1_158' title='bbox 384 2239 405 2307; x_wconf 87' lang='grc' dir='ltr'><em>ό</em></span> <span class='ocrx_word' id='word_1_159' title='bbox 414 2268 446 2308; x_wconf 91' lang='grc' dir='ltr'><em>τι</em></span> <span class='ocrx_word' id='word_1_160' title='bbox 456 2239 499 2309; x_wconf 87' lang='grc' dir='ltr'><em>ἀν</em></span> <span class='ocrx_word' id='word_1_161' title='bbox 508 2266 588 2316; x_wconf 86' lang='grc' dir='ltr'><em>ποτε</em></span> <span class='ocrx_word' id='word_1_162' title='bbox 600 2250 713 2329; x_wconf 77' lang='grc' dir='ltr'><em>συμβῇ</em></span> <span class='ocrx_word' id='word_1_163' title='bbox 723 2250 901 2310; x_wconf 90' lang='grc' dir='ltr'><em>πείσονται.</em></span> <span class='ocrx_word' id='word_1_164' title='bbox 918 2240 1010 2327; x_wconf 81' lang='grc' dir='ltr'><em>ὑμεῖς</em></span> <span class='ocrx_word' id='word_1_165' title='bbox 1017 2243 1058 2310; x_wconf 74' lang='grc' dir='ltr'><em>’δὲ</em></span> <span class='ocrx_word' id='word_1_166' title='bbox 1069 2233 1118 2310; x_wconf 82' lang='grc' dir='ltr'><em>ῶν</em></span> <span class='ocrx_word' id='word_1_167' title='bbox 1155 2273 1160 2279; x_wconf 89' lang='lat'><em>·</em></span> 
     </span>
     <span class='ocr_line' id='line_1_22' title="bbox 143 2337 1118 2429; baseline 0.001 -23"><span class='ocrx_word' id='word_1_168' title='bbox 143 2338 223 2424; x_wconf 70' lang='grc' dir='ltr'><em>μὲν</em></span> <span class='ocrx_word' id='word_1_169' title='bbox 240 2337 477 2425; x_wconf 83' lang='grc' dir='ltr'><em>ἀπεστέρησθε,</em></span> <span class='ocrx_word' id='word_1_170' title='bbox 496 2343 627 2408; x_wconf 86' lang='grc' dir='ltr'><em>σιωπῶ·</em></span> <span class='ocrx_word' id='word_1_171' title='bbox 648 2339 718 2408; x_wconf 83' lang='grc' dir='ltr'><em>ἀλλ’</em></span> <span class='ocrx_word' id='word_1_172' title='bbox 733 2343 770 2408; x_wconf 83' lang='grc' dir='ltr'><em>ἑν</em></span> <span class='ocrx_word' id='word_1_173' title='bbox 788 2338 880 2429; x_wconf 76' lang='grc' dir='ltr'><em>αὐτῷ</em></span> <span class='ocrx_word' id='word_1_174' title='bbox 890 2349 937 2429; x_wconf 76' lang='grc' dir='ltr'><em>τῷ</em></span> <span class='ocrx_word' id='word_1_175' title='bbox 953 2337 1015 2425; x_wconf 79' lang='grc' dir='ltr'><em>τὴν</em></span> <span class='ocrx_word' id='word_1_176' title='bbox 1027 2339 1118 2424; x_wconf 84' lang='grc' dir='ltr'><em>εἰρή-</em></span> 
     </span>
     <span class='ocr_line' id='line_1_23' title="bbox 163 2437 1119 2525; baseline 0.002 -21"><span class='ocrx_word' id='word_1_177' title='bbox 163 2464 227 2523; x_wconf 92' lang='grc' dir='ltr'><em>νην</em></span> <span class='ocrx_word' id='word_1_178' title='bbox 238 2439 457 2523; x_wconf 81' lang='grc' dir='ltr'><em>ποιήσασθαι,</em></span> <span class='ocrx_word' id='word_1_179' title='bbox 469 2439 556 2506; x_wconf 86' lang='grc' dir='ltr'><em>πόσα</em></span> <span class='ocrx_word' id='word_1_180' title='bbox 567 2440 788 2525; x_wconf 83' lang='grc' dir='ltr'><em>ἐξηπάτησθε,</em></span> <span class='ocrx_word' id='word_1_181' title='bbox 809 2438 925 2506; x_wconf 82' lang='grc' dir='ltr'><em>πόσων</em></span> <span class='ocrx_word' id='word_1_182' title='bbox 936 2437 1119 2522; x_wconf 84' lang='grc' dir='ltr'><em>ἀπεστέρη-</em></span> 
     </span>
     <span class='ocr_line' id='line_1_24' title="bbox 114 2533 1118 2623; baseline 0 -18"><span class='ocrx_word' id='word_1_183' title='bbox 114 2550 152 2606; x_wconf 79' lang='grc'><em>64</em></span> <span class='ocrx_word' id='word_1_184' title='bbox 163 2546 235 2604; x_wconf 90' lang='grc' dir='ltr'><em>σθε</em></span> <span class='ocrx_word' id='word_1_185' title='bbox 259 2562 332 2620; x_wconf 84' lang='grc' dir='ltr'><em>ουχι</em></span> <span class='ocrx_word' id='word_1_186' title='bbox 320 2538 487 2621; x_wconf 87' lang='grc' dir='ltr'><em>Φωκεας,</em></span> <span class='ocrx_word' id='word_1_187' title='bbox 501 2562 542 2603; x_wconf 90' lang='grc' dir='ltr'><em>ον</em></span> <span class='ocrx_word' id='word_1_188' title='bbox 531 2535 678 2620; x_wconf 89' lang='grc' dir='ltr'><em>Πυλας,</em></span> <span class='ocrx_word' id='word_1_189' title='bbox 689 2535 762 2622; x_wconf 81' lang='grc' dir='ltr'><em>ουχὶ</em></span> <span class='ocrx_word' id='word_1_190' title='bbox 773 2533 1000 2623; x_wconf 79' lang='grc' dir='ltr'><em>ταπιΘρακυς,</em></span> <span class='ocrx_word' id='word_1_191' title='bbox 1011 2541 1118 2619; x_wconf 88' lang='grc' dir='ltr'><em>Δορί</em></span> 
     </span>
     <span class='ocr_line' id='line_1_25' title="bbox 164 2630 1118 2746; baseline -0.001 -47"><span class='ocrx_word' id='word_1_192' title='bbox 164 2657 256 2716; x_wconf 89' lang='grc' dir='ltr'><em>σκυν,</em></span> <span class='ocrx_word' id='word_1_193' title='bbox 269 2633 485 2746; x_wconf 82' lang='grc' dir='ltr'><em>Σέρρειον,</em></span> <span class='ocrx_word' id='word_1_194' title='bbox 451 2661 511 2701; x_wconf 91' lang='grc' dir='ltr'><em>τον</em></span> <span class='ocrx_word' id='word_1_195' title='bbox 521 2637 777 2720; x_wconf 85' lang='grc' dir='ltr'><em>Κερσοβλέπτην</em></span> <span class='ocrx_word' id='word_1_196' title='bbox 788 2631 907 2712; x_wconf 84' lang='grc' dir='ltr'><em>αὑτόν;</em></span> <span class='ocrx_word' id='word_1_197' title='bbox 927 2630 968 2699; x_wconf 87' lang='grc' dir='ltr'><em>οὑ</em></span> <span class='ocrx_word' id='word_1_198' title='bbox 979 2640 1046 2700; x_wconf 80' lang='grc' dir='ltr'><em>νῦν</em></span> <span class='ocrx_word' id='word_1_199' title='bbox 1055 2636 1118 2735; x_wconf 75' lang='grc' dir='ltr'><em>την</em></span> 
     </span>
     <span class='ocr_line' id='line_1_26' title="bbox 164 2725 1130 2852; baseline 0.002 -56"><span class='ocrx_word' id='word_1_200' title='bbox 164 2730 263 2798; x_wconf 91' lang='grc' dir='ltr'><em>πόλιν</em></span> <span class='ocrx_word' id='word_1_201' title='bbox 279 2725 341 2815; x_wconf 80' lang='grc' dir='ltr'><em>την</em></span> <span class='ocrx_word' id='word_1_202' title='bbox 359 2737 561 2816; x_wconf 75' lang='grc' dir='ltr'><em>Καρδιανῶν</em></span> <span class='ocrx_word' id='word_1_203' title='bbox 579 2739 643 2817; x_wconf 78' lang='grc' dir='ltr'><em>ἔχει</em></span> <span class='ocrx_word' id='word_1_204' title='bbox 660 2735 715 2800; x_wconf 85' lang='grc' dir='ltr'><em>καὶ</em></span> <span class='ocrx_word' id='word_1_205' title='bbox 710 2729 900 2852; x_wconf 69' lang='grc' dir='ltr'><em>ὁμολογεῖς</em></span> <span class='ocrx_word' id='word_1_206' title='bbox 923 2739 957 2797; x_wconf 90' lang='grc' dir='ltr'><em>τί</em></span> <span class='ocrx_word' id='word_1_207' title='bbox 972 2753 1034 2797; x_wconf 90' lang='grc' dir='ltr'><em>ποτ</em></span> <span class='ocrx_word' id='word_1_208' title='bbox 1032 2725 1130 2799; x_wconf 85' lang='grc' dir='ltr'><em>ὀὑν</em></span> 
     </span>
     <span class='ocr_line' id='line_1_27' title="bbox 163 2826 1117 2914; baseline 0.002 -20"><span class='ocrx_word' id='word_1_209' title='bbox 163 2826 1117 2920; x_wconf 86' lang='grc' dir='ltr'><em>εκεινωςτοιςαλλοιςκαιουτοναυτοντροποννμινπροσ</em></span> 
     </span>
     <span class='ocr_line' id='line_1_28' title="bbox 162 2924 1116 3023; baseline 0.002 -33.002"><span class='ocrx_word' id='word_1_210' title='bbox 162 2930 314 3023; x_wconf 80' lang='grc' dir='ltr'><em>φέρεται;</em></span> <span class='ocrx_word' id='word_1_211' title='bbox 332 2924 383 2992; x_wconf 86' lang='grc' dir='ltr'><em>ότι</em></span> <span class='ocrx_word' id='word_1_212' title='bbox 398 2929 435 2993; x_wconf 79' lang='grc' dir='ltr'><em>ἐν</em></span> <span class='ocrx_word' id='word_1_213' title='bbox 451 2927 538 3015; x_wconf 88' lang='grc' dir='ltr'><em>μόνη</em></span> <span class='ocrx_word' id='word_1_214' title='bbox 554 2937 623 2995; x_wconf 89' lang='grc' dir='ltr'><em>τῶν</em></span> <span class='ocrx_word' id='word_1_215' title='bbox 639 2936 757 2995; x_wconf 89' lang='grc' dir='ltr'><em>πασῶν</em></span> <span class='ocrx_word' id='word_1_216' title='bbox 774 2929 955 2995; x_wconf 85' lang='grc' dir='ltr'><em>πολεων</em></span> <span class='ocrx_word' id='word_1_217' title='bbox 913 2954 954 3015; x_wconf 91' lang='grc' dir='ltr'><em>τη</em></span> <span class='ocrx_word' id='word_1_218' title='bbox 973 2925 1116 3015; x_wconf 78' lang='grc' dir='ltr'><em>ἡμετέρα</em></span> 
     </span>
     <span class='ocr_line' id='line_1_29' title="bbox 161 3021 1117 3114; baseline 0.002 -23"><span class='ocrx_word' id='word_1_219' title='bbox 161 3024 257 3091; x_wconf 85' lang='grc' dir='ltr'><em>αδεια</em></span> <span class='ocrx_word' id='word_1_220' title='bbox 268 3021 352 3108; x_wconf 71' lang='grc' dir='ltr'><em>νπὲρ</em></span> <span class='ocrx_word' id='word_1_221' title='bbox 368 3033 437 3093; x_wconf 88' lang='grc' dir='ltr'><em>τῶν</em></span> <span class='ocrx_word' id='word_1_222' title='bbox 452 3029 584 3111; x_wconf 81' lang='grc' dir='ltr'><em>ἐχθρῶν</em></span> <span class='ocrx_word' id='word_1_223' title='bbox 594 3030 702 3111; x_wconf 87' lang='grc' dir='ltr'><em>λεγειν</em></span> <span class='ocrx_word' id='word_1_224' title='bbox 725 3029 870 3113; x_wconf 85' lang='grc' dir='ltr'><em>δίδοται,</em></span> <span class='ocrx_word' id='word_1_225' title='bbox 893 3029 948 3094; x_wconf 84' lang='grc' dir='ltr'><em>καὶ</em></span> <span class='ocrx_word' id='word_1_226' title='bbox 970 3029 1117 3114; x_wconf 87' lang='grc' dir='ltr'><em>λαβόντα</em></span> 
     </span>
     <span class='ocr_line' id='line_1_30' title="bbox 163 3120 1118 3211; baseline 0.004 -23"><span class='ocrx_word' id='word_1_227' title='bbox 163 3120 296 3210; x_wconf 80' lang='grc' dir='ltr'><em>χρήματ’</em></span> <span class='ocrx_word' id='word_1_228' title='bbox 321 3121 424 3191; x_wconf 84' lang='grc' dir='ltr'><em>αὑτὸν</em></span> <span class='ocrx_word' id='word_1_229' title='bbox 445 3123 593 3210; x_wconf 80' lang='grc' dir='ltr'><em>ἀσφαλές</em></span> <span class='ocrx_word' id='word_1_230' title='bbox 614 3129 682 3192; x_wconf 79' lang='grc' dir='ltr'><em>ἐστι</em></span> <span class='ocrx_word' id='word_1_231' title='bbox 706 3130 814 3211; x_wconf 88' lang='grc' dir='ltr'><em>λε’γειν</em></span> <span class='ocrx_word' id='word_1_232' title='bbox 835 3121 909 3207; x_wconf 84' lang='grc' dir='ltr'><em>παρ’</em></span> <span class='ocrx_word' id='word_1_233' title='bbox 932 3123 1030 3209; x_wconf 83' lang='grc' dir='ltr'><em>ὑμῖν,</em></span> <span class='ocrx_word' id='word_1_234' title='bbox 1052 3121 1118 3192; x_wconf 83' lang='grc' dir='ltr'><em>κάν</em></span> 
     </span>
     <span class='ocr_line' id='line_1_31' title="bbox 119 3214 1156 3312; baseline -0.006 -21"><span class='ocrx_word' id='word_1_235' title='bbox 119 3220 425 3312; x_wconf 71' lang='grc' dir='ltr'><em>θεάφηρημένοιτά</em></span> <span class='ocrx_word' id='word_1_236' title='bbox 442 3220 573 3310; x_wconf 78' lang='grc' dir='ltr'><em>ὑμέτερ’</em></span> <span class='ocrx_word' id='word_1_237' title='bbox 587 3222 700 3291; x_wconf 86' lang='grc' dir='ltr'><em>αὑτῶν</em></span> <span class='ocrx_word' id='word_1_238' title='bbox 721 3217 788 3308; x_wconf 80' lang='grc' dir='ltr'><em>ἦτε.</em></span> <span class='ocrx_word' id='word_1_239' title='bbox 822 3219 885 3290; x_wconf 86' lang='grc' dir='ltr'><em>οὐκ</em></span> <span class='ocrx_word' id='word_1_240' title='bbox 906 3214 950 3308; x_wconf 82' lang='grc' dir='ltr'><em>ἦν</em></span> <span class='ocrx_word' id='word_1_241' title='bbox 971 3221 1119 3308; x_wconf 72' lang='grc' dir='ltr'><em>ἀσφαλὲς</em></span> <span class='ocrx_word' id='word_1_242' title='bbox 1150 3276 1156 3285; x_wconf 94' lang='grc'><em>,</em></span> 
     </span>
     <span class='ocr_line' id='line_1_32' title="bbox 167 3313 1119 3441; baseline -0.002 -52"><span class='ocrx_word' id='word_1_243' title='bbox 167 3325 274 3441; x_wconf 74' lang='grc' dir='ltr'><em>λέγειν</em></span> <span class='ocrx_word' id='word_1_244' title='bbox 284 3318 335 3388; x_wconf 83' lang='grc' dir='ltr'><em>ἐν’</em></span> <span class='ocrx_word' id='word_1_245' title='bbox 333 3320 481 3421; x_wconf 77' lang='grc' dir='ltr'><em>Ολὺνθμ</em></span> <span class='ocrx_word' id='word_1_246' title='bbox 490 3349 528 3390; x_wconf 91' lang='grc' dir='ltr'><em>τα</em></span> <span class='ocrx_word' id='word_1_247' title='bbox 516 3322 705 3389; x_wconf 89' lang='grc' dir='ltr'><em>Φιλίππου</em></span> <span class='ocrx_word' id='word_1_248' title='bbox 715 3319 759 3407; x_wconf 80' lang='grc' dir='ltr'><em>μὴ</em></span> <span class='ocrx_word' id='word_1_249' title='bbox 772 3320 836 3387; x_wconf 88' lang='grc' dir='ltr'><em>σὺν</em></span> <span class='ocrx_word' id='word_1_250' title='bbox 847 3346 886 3387; x_wconf 89' lang='grc' dir='ltr'><em>ευ</em></span> <span class='ocrx_word' id='word_1_251' title='bbox 873 3313 1119 3389; x_wconf 84' lang='grc' dir='ltr'><em>πεπονθότων</em></span> 
     </span>
     <span class='ocr_line' id='line_1_33' title="bbox 166 3388 1118 3509; baseline 0.002 -23"><span class='ocrx_word' id='word_1_252' title='bbox 166 3429 234 3487; x_wconf 88' lang='grc' dir='ltr'><em>τῶν</em></span> <span class='ocrx_word' id='word_1_253' title='bbox 256 3426 390 3488; x_wconf 88' lang='grc' dir='ltr'><em>πολλῶν</em></span> <span class='ocrx_word' id='word_1_254' title='bbox 407 3388 594 3487; x_wconf 83' lang='grc' dir='ltr'><em>Όλὺνθίων</em></span> <span class='ocrx_word' id='word_1_255' title='bbox 614 3429 661 3509; x_wconf 76' lang='grc' dir='ltr'><em>τῷ</em></span> <span class='ocrx_word' id='word_1_256' title='bbox 684 3423 864 3486; x_wconf 77' lang='grc' dir='ltr'><em>Ποτίδαιαν</em></span> <span class='ocrx_word' id='word_1_257' title='bbox 884 3428 1118 3501; x_wconf 81' lang='grc' dir='ltr'><em>καρποῦσθαι·</em></span> 
     </span>
    </p>
   </div>
   <div class='ocr_carea' id='block_1_3' title="bbox 0 0 1178 3894">
    <p class='ocr_par' dir='ltr' id='par_1_3' title="bbox 0 0 1178 3894">
     <span class='ocr_line' id='line_1_34' title="bbox 0 0 1178 3894; baseline 0 0"><span class='ocrx_word' id='word_1_258' title='bbox 0 0 1178 3894; x_wconf 95' lang='lat' dir='ltr'><em> </em></span> 
     </span>
    </p>
   </div>
  </div>
 </body>
</html>
