2340 3894
163 211 291 275 ΠΕΡΙ
325 210 432 273 ΤΗΣ
457 213 911 279 ΠΑΡΑΠΡΕΣΒΕΙΑΣ.
953 216 1018 281 345

56 369 243 468 κακόνούκ
257 377 322 452 δνις
344 371 549 458 δωροδόκος,
567 373 685 456 κόλαξ,
708 390 778 453 ταῖς
788 374 883 459 ἀραῖς
893 383 1017 466 ἔνοχος,

59 470 224 555 ψεύστης,
235 475 305 536 τοῦν
315 475 424 554 φίλων
436 472 614 557 προδότης,
627 470 724 539 πάντ’
738 479 845 542 ἔνεστι
856 474 895 542 τά
907 477 1018 544 δεινό-

58 594 159 637 τατα·
182 569 266 654 πρὸς
276 572 314 635 ἓν
325 566 399 635 οὐδ’
412 565 529 636 ὁτιοῦν
539 569 669 638 τούτων
680 571 930 661 ἀπολογήσεται,
942 572 1017 642 οὐδ’

58 672 126 747 ἕξει
148 671 280 736 δικαίαν
301 663 378 734 οὐδ’
402 665 513 752 ἁπλῆν
529 673 633 736 είπείν
650 666 833 756 ἀπολογίαν
849 667 1018 759 ούδεμίαν.

59 763 128 832 ἅδ’
140 765 204 849 ἐγω
215 766 384 850 πέπυσμαι
393 769 526 850 μέλλειν
537 763 644 834 αύτόν
654 769 777 854 λέγειν,
801 775 870 838 ἔστι
886 774 947 855 μὲν
963 773 1025 857 ἐγ-

58 864 193 949 γυτάτω
205 869 340 949 μανίας,
362 862 405 930 ού
421 862 488 950 μην
499 861 573 932 ἀλλ’
588 873 667 943 ἴσως
677 873 725 954 τῷ
734 867 838 953 μηδὲν
848 873 956 953 ίχοντι
966 873 1018 935 δί-

10 976 49 1028 02
59 988 159 1030 καιον
168 958 241 1029 ἀλλ’
255 968 358 1029 εἰπεῖν
376 960 504 1048 ἀνάγκη
522 962 632 1030 πάντα
648 973 870 1049 μηχανᾶσθαι.
903 963 1018 1034 ἀκούω

59 1060 126 1146 γὰρ
138 1057 243 1127 αῦτόν
254 1063 340 1145 ἐρεῖν
353 1055 398 1137 ὡς
408 1056 463 1140 ἀρ’
478 1057 542 1143 ἐγω
553 1059 690 1127 πάντων
702 1052 751 1127 όν
761 1072 935 1150 κατηγορῶ
945 1089 1018 1131 κοι-

60 1155 171 1237 νωνός
190 1161 329 1243 γέγονα,
351 1158 407 1224 καὶ
428 1157 613 1242 συνήρεσκε
628 1160 733 1226 ταῦτά
749 1186 822 1246 μοι,
843 1164 899 1230 καί
916 1165 1018 1231 συνέ-

60 1253 328 1341 πραττοναύτω,
350 1252 454 1323 Ι’ἔπειτ
472 1257 628 1342 ἐξαιφνης
638 1262 880 1344 μεταβέβλημαι
890 1263 946 1326 καὶ
956 1286 1019 1329 κα

61 1361 204 1440 τηγοριῦ.
237 1352 356 1422 ἔστιδ’
373 1349 458 1438 ύπδρ
476 1355 538 1438 μὲν
548 1379 616 1420 των
627 1356 921 1441 πεπραγμένων
878 1382 956 1424 ουτε
967 1363 1018 1424 δι-

61 1460 140 1527 καία
151 1450 229 1521 ούτε
239 1448 487 1578 προσηκουσαη
501 1452 637 1537 τοιαύτη
647 1448 824 1535 ἀπολογίοι,
845 1456 928 1539 ἐμοῦ
939 1458 1019 1540 μέν·

60 1577 114 1619 τοι
130 1578 179 1630 τις
195 1557 392 1638 κατηγορία
415 1554 479 1635 ἐγω
468 1547 616 1635 μὲν
576 1576 695 1634 γαρ,ε
678 1556 828 1619 είταῦτα
844 1560 1017 1640 πεποίηκα,

60 1649 193 1734 φαυλος
203 1653 268 1734 είμι
279 1648 477 1733 ανθρωπος,
499 1675 539 1715 τα
528 1646 594 1718 δὲ
606 1647 870 1736 πρόγματαούδὲ
872 1657 1019 1738 νβελτίω
1064 1652 1066 1657 ’

10 1763 52 1818 103
61 1745 117 1815 διά
133 1755 250 1831 τοῦτο,
273 1745 351 1814 οὐδὲ
367 1753 495 1815 πολλοῦ
506 1750 565 1814 δεῖ.
599 1746 641 1815 ού
653 1773 720 1836 μην
732 1747 805 1816 ἀλλ’
818 1747 916 1835 ἔγωγ’
930 1749 1025 1841 οἶμαί

60 1871 119 1932 μοι
129 1846 311 1932 ποοσηκειν
321 1871 471 1932 αμφυτερ
497 1859 579 1931 υμιν
589 1849 760 1932 ἐπιδείξαι
771 1847 857 1916 καί
836 1874 887 1915 οτι
897 1846 1021 1927 υτυσε

60 1971 130 2028 ται,
143 1951 225 2011 ταῦτ
228 1942 310 2012 ’ἐὰν
322 1947 417 2032 λέγη,
430 1943 535 2011 καί
498 1969 560 2031 την
571 1944 737 2012 δικαίαν”
713 1971 786 2031 ητις
796 1948 886 2013 ἐστιν
896 1944 1020 2045 ἀπολο-

61 2050 128 2129 γία.
159 2068 180 2128 η
168 2039 253 2128 ’μὲν
265 2050 381 2110 τοίνυν
393 2047 503 2110 δικαία
513 2047 568 2110 καὶ
580 2039 719 2130 απλη,
696 2071 717 2130 η
731 2040 773 2123 ὡς
785 2042 827 2112 ού
835 2046 1020 2131 πέπρακται

60 2165 104 2208 τα
93 2138 372 2226 κατηγορημένα
390 2136 553 2224 &azam
530 2167 551 2225 η
572 2139 616 2218 ἀς
633 2144 1020 2262 πεπραγμένασυμφίρει

60 2263 103 2324 τη
91 2238 219 2306 πόλει.
237 2235 413 2305 τούτωνδ’
427 2235 606 2322 ουδετερον
616 2235 779 2305 δυναιτ
758 2265 800 2304 αν
813 2265 911 2316 ουτος
921 2262 1019 2323 nom*

10 2345 127 2403 mam.
152 2335 230 2404 οῦτε
239 2336 304 2420 γάρ
318 2333 362 2414 ὡς
374 2333 537 2420 συμφέρει
548 2335 656 2420 δήπου
667 2338 803 2412 Φωκέας
813 2333 1020 2404 ἀπολωλέναι

60 2437 120 2502 κοιλ
127 2435 244 2512 Πύλας
256 2440 423 2502 Φίλιππον
435 2440 522 2519 ἔχειν
533 2435 589 2501 καὶ
598 2440 769 2520 Θηβαίους
779 2433 906 2519 ἰσχύειν
916 2436 971 2501 καὶ
984 2437 1020 2501 ἐν
1102 2484 1112 2503 ι

60 2533 192 2618 Εὐβοίᾳ
209 2531 411 2617 στρατιώτας
427 2530 582 2599 εἶναικαὶ
598 2529 770 2617 Μεγάροις
791 2531 1021 2619 ἐπιβουλεύειν

12 2706 17 2713 ,
62 2626 152 2698 ταδ’
129 2628 310 2714 ανοόμοτον
327 2628 467 2697 εἶναι
428 2655 495 2715 την
509 2629 662 2715 εἰρήνην,
684 2634 791 2697 ἔνεστι
802 2635 909 2749 λέγειν
920 2626 1022 2718 αύτῷ,

63 2727 207 2806 (ι’ίςτοτε
225 2727 386 2797 τάναντία
407 2726 586 2817 ἀπήγγειλε
608 2727 691 2812 πρὸς
711 2725 799 2813 ύμῦς
815 2725 870 2806 ἀς
894 2731 1024 2813 συμφί
1031 2733 1086 2787 4⁰5

63 2850 169 2912 ροντα
185 2829 240 2892 καλ
255 2827 479 2912 γενησόμενα·
502 2816 584 2949 αὕθ’
604 2853 650 2905 ως
660 2851 702 2895 ου
713 2831 897 2910 πεπρακται
907 2852 1023 2907 ταυτα,

65 2922 245 3006 δυνήσεται
261 2938 370 2991 πείσαι
385 2923 466 3002 τοῦς
483 2922 607 3002 αύτούς
623 2924 800 3008 ἑορακότας
816 2922 903 3009 ὑμᾶς
917 2913 1024 2991 καὶ
984 2949 1023 2990 ευ

10 3020 201 3096 ιοὸείδότας.
235 3016 363 3087 οῦκοῦν
379 3048 423 3099 ως
440 3021 483 3089 οῦ
498 3047 726 3105 κεκοινωνηκα
736 3047 864 3099 τούτοις
883 3018 1023 3096 ούδενὸς

64 3118 187 3188 λοιπόν
204 3122 392 3202 μοιδιίξαι.
430 3116 596 3203 βούλεσθ’
616 3143 681 3185 ουν
692 3115 788 3202 υμῖν,
809 3141 917 3184 παντα
928 3116 1023 3183 ταλλ

64 3215 178 3304 ἀφεὶς,
190 3213 212 3283 ἀ
223 3214 304 3300 παρ’
316 3212 397 3300 ῦμίυ
407 3213 582 3300 ἀντεῖπον,
593 3211 616 3281 ἀ
626 3218 663 3282 ἐν
674 3222 716 3302 τῇ
726 3213 891 3301 ἀποδημία
902 3215 1024 3295 προσί-

65 3340 210 3400 κρουον,
233 3310 279 3392 ὦς
294 3311 426 3381 ἅπαντα
442 3308 504 3381 τόν
520 3312 643 3398 χρόνον
657 3309 878 3398 ἠναντίωμαι,
901 3305 1025 3387 αύτούς

65 3411 285 3498 παράσχωμαι
306 3411 478 3496 μάρτνρας
496 3409 637 3489 τούτους
658 3407 711 3477 ότι
730 3408 841 3475 πάντα
866 3403 1025 3474 τάναντία
