2340 3894
137 194 182 259 4⁰
343 199 410 259 ⁸1v.
441 194 861 261 ΔΗΜΟΣΘΕΝΟΤΣ

137 351 183 425 άν
192 360 277 444 δοκῇ
297 365 406 436 καλῶς
423 361 526 442 ἔχειν,
543 358 580 423 ἐκ
599 357 754 441 διαδοχῆς
769 351 940 440 ἀλλήλοις·
962 351 1043 432 τοὺς
1058 350 1088 423 δ’
1098 363 1133 418 46

137 455 260 534 ἄλλους
270 458 386 535 ξένους
395 453 480 523 εἶναι
490 453 625 523 κελεύω.
655 455 712 521 καὶ
729 450 810 539 μετά
827 452 957 521 τούτων
973 453 1093 531 ίππόας

137 558 343 640 διακοσίους,
361 554 561 623 καὶτούτων
578 552 784 638 πεντήκοντα
797 547 996 637 Ἀθηναίους
1013 547 1093 618 τού-

137 653 304 739 λάχιστον,
316 650 428 738 ὥσπερ
438 649 518 730 τούς
528 648 657 738 πεζούς,
667 646 842 719 τδναύτδν
852 649 981 734 τρόπον
992 670 1095 735 στρα-

94 747 782 838 τωτευομένους’καλίππαγωγοδςτούτοις
793 746 919 815 εἶεντί
922 745 1095 832 πρδςτού-

139 875 208 930 τοις
214 854 277 930 λτις
288 855 416 934 ταχείας
422 848 567 934 τριήρεις
572 850 667 916 δέκα·
681 844 812 933 δείγάρ,
819 851 952 932 ἔχοντος
964 850 1096 915 ἐκείνου

139 947 314 1035 ναυτικόν,
337 949 393 1016 καὶ
410 955 549 1034 ταχειοῐν
559 946 706 1034 τριήρων
715 942 810 1032 ἡμῖν,
835 942 1098 1029 ὅπωςόισφαλως

138 1044 160 1132 ἡ
173 1046 314 1132 δύναμις
324 1047 416 1134 πλέη.
441 1045 552 1114 πόθεν
562 1042 603 1131 δὴ
615 1045 745 1122 τούτοις
754 1042 776 1130 ἡ
786 1043 894 1131 τροφὴ
905 1044 1081 1131 γενήσεται
1088 1072 1103 1134 ς,

140 1142 203 1230 ἐγω
222 1146 394 1213 καὶτοῦτο
412 1144 533 1229 φράσω
544 1144 599 1211 καλ
616 1147 721 1228 δείξω,
734 1140 885 1228 ἐπειδάν,
907 1142 993 1211 διότι
1003 1150 1097 1229 τηλι-

141 1243 269 1328 καύτην
280 1240 431 1329 ἀποχρῆν
446 1241 538 1328 οἶμαι
553 1240 617 1327 τὴν
633 1241 778 1327 δύναμιν
794 1244 850 1310 καὶ
864 1247 1001 1322 πολίτας
1015 1242 1098 1320 τούς

143 1346 425 1427 στρατευομένους
434 1340 519 1410 εἶναι
529 1340 664 1427 κελεύω,
676 1341 806 1420 διδάξω.

97 1457 133 1512 23
230 1434 405 1526 Τοσαύτην
414 1443 486 1527 μὲν,
500 1431 528 1507 ιό
539 1437 845 1525 άνδρεςἏδηναῑοι,
853 1439 908 1508 διά
917 1447 1034 1523 ταῦτα,
1046 1437 1099 1508 ὅτι

142 1535 206 1605 ούκ
217 1541 267 1606 ἔνι
278 1546 344 1606 νῦν
353 1536 433 1624 ἡμῖν
445 1544 648 1624 πορίσασθαι
665 1538 810 1623 δύναμιν
825 1536 888 1623 την
904 1541 1019 1626 ἐκείνη)
1032 1561 1099 1605 πα-

143 1639 384 1723 ραταξομένην,
406 1634 491 1704 άλλδ
509 1635 682 1724 λῃστεύειν
698 1633 827 1722 άνάγκη
846 1638 903 1704 καλ
922 1636 1032 1725 τούτῳ
1050 1643 1099 1726 τῷ

142 1734 255 1823 τρόπῳ
272 1742 336 1804 τού
351 1736 499 1821 πολέμου
514 1743 660 1820 χρῆσθαι
674 1734 737 1821 την
751 1736 904 1822 πρότην·
926 1734 968 1805 ού
979 1743 1098 1805 τοίνυν

142 1829 330 1919 ὑπέρογκον
340 1833 456 1920 αύτην,
469 1830 511 1899 ού
521 1831 585 1920 γάρ
595 1839 664 1903 ἔστι
674 1833 796 1921 μισθός
808 1832 887 1902 οὐδὲ
896 1832 1016 1922 τροφὴ,
1033 1831 1098 1902 ού-

96 1947 132 2002 24
143 1931 180 2000 δὲ
197 1937 367 2008 παντελῶς
382 1930 544 2017 ταπεινην
561 1931 645 1999 εἶναι
662 1937 720 2001 δεί.
751 1940 885 2012 πολίτας
894 1934 931 2001 δὲ
941 1947 1097 2018 παρεῖναι

140 2029 196 2095 καὶ
207 2033 369 2111 συμπλεῖν
380 2025 435 2094 διά
445 2037 550 2095 ταῦτα
560 2031 697 2116 κελεύω,
715 2030 768 2099 ὅτι
781 2033 836 2099 καὶ
846 2031 1013 2118 πρότερόν
1022 2030 1095 2100 ποτ’

140 2123 253 2195 άκούω
265 2123 394 2206 ξενικόν
404 2131 540 2212 τρέφειν
551 2130 589 2196 ἐν
598 2135 759 2219 Κορίνθῳ
772 2129 835 2216 την
850 2130 958 2216 πόλιν,
970 2121 1014 2198 ού
1022 2137 1096 2200 Πο-

139 2224 322 2309 λύστρατος
331 2221 441 2310 ἡγεῖτο
452 2224 764 2314 καλἸφικράτηςκαὶ
773 2236 921 2316 Χαβρίας
931 2232 986 2298 καλ
996 2229 1095 2300 άλλοι

138 2322 240 2410 τινὲς,
269 2324 325 2390 καὶ
351 2320 475 2403 αύτούς
500 2322 587 2411 ύμιῖς
612 2328 914 2412 συστρατεύεσθαι·
942 2332 999 2398 καὶ
1018 2329 1094 2398 ολδα

139 2420 276 2492 άκούων
294 2420 359 2490 -ότι
388 2429 672 2510 Λακεδαιμονίους
701 2428 984 2514 παραταττόμενοι
1016 2427 1092 2515 μεθ’

138 2518 236 2607 ύμιὸν
246 2526 366 2589 ἐνίκων
376 2515 472 2590 οὗτοι
483 2528 518 2602 οί
527 2527 615 2603 ξένοι
624 2526 682 2593 καὶ
692 2523 787 2611 ύμείς
802 2523 869 2612 μετ’
881 2529 1028 2595 ἐκείνων.
1057 2532 1094 2607 ἐξ

137 2611 180 2687 οὗ
192 2618 224 2687 δ’
237 2618 321 2687 αύτά
333 2617 408 2693 καθ’
421 2617 507 2687 αὑτά
517 2621 558 2688 τά
570 2621 679 2700 ξενικά
690 2621 771 2708 ύμῖν
780 2625 1002 2710 στρατεύεται,
1012 2625 1094 2706 τούς

139 2725 258 2802 φίλους
267 2725 344 2805 υικᾷ
355 2720 411 2786 καί
420 2716 500 2797 τούς
509 2721 719 2809 συμμάχους,
743 2726 777 2790 οί
786 2720 818 2790 δ’
830 2725 950 2809 ἐχθροὶ,
961 2729 1094 2810 μείζους

136 2823 199 2884 τοῦ
210 2815 343 2893 δέοντος
353 2814 539 2900 γεγόνασιν.
568 2821 624 2887 καὶ
641 2821 887 2906 παρακύψαντα
903 2822 956 2889 ἐπὶ
964 2819 1026 2889 τόν
1032 2829 1094 2907 τῆς

138 2915 265 2992 πόλεως
276 2912 433 3000 πόλεμον,
446 2913 529 3002 πρὸς
542 2915 742 3006 Ἀρτάβαζον
758 2923 813 2987 καὶ
828 2933 992 3008 πανταχοῖ
1004 2927 1093 3006 μάλ-

138 3021 199 3081 λον
209 3021 330 3098 οίχεται
339 3013 521 3102 πλίοντα,δ
534 3017 570 3086 δὲ
584 3017 767 3104 στρατηγός
783 3016 980 3105 ἀκολουθεῖ,
1001 3019 1137 3088 clud-4⁷

95 3124 218 3190 λὸτως·
240 3107 281 3178 ού
297 3110 363 3197 γάρ
379 3117 471 3182 ἔστιν
481 3113 596 3202 όρχειν
612 3116 657 3204 μη
669 3116 804 3186 διδόντα
814 3118 951 3204 μισθόν.
976 3124 1017 3186 ’τί
1024 3112 1093 3187 ούν

138 3211 280 3290 κελεύω;
290 3208 349 3290 τάς
360 3212 544 3299 προφάσεις
550 3212 688 3300 άφελείν
698 3218 824 3284 καὶτοῦ
836 3223 1025 3303 στρατηγοῦ
1034 3221 1092 3286 καί

136 3317 205 3378 τόν
215 3318 436 3396 στρατιωτῶν,
454 3312 580 3397 μισθὸν
597 3320 798 3395 πορίσαντας
814 3316 870 3382 καὶ
886 3317 1091 3400 στρατιώτας

136 3416 278 3486 οἰκείους
289 3405 401 3491 ὥσπερ
413 3409 557 3488 ἐπόπτας
572 3418 640 3481 τῶν
657 3417 958 3500 στρατηγουμένων
975 3438 1087 3500 παρα-
