2340 3894
212 171 343 232 ΠΕΡΙ
362 170 470 232 ΤΗΣ
487 171 953 241 ΠΑΡΑΠΡΕΣΒΕΙΑΣ.
995 172 1066 241 327.

98 336 330 418 τασκευαοθῇ,
353 326 459 397 πᾶνό
475 339 508 396 ’τι
523 323 568 396 ἀν
583 329 745 416 βούληται
758 328 831 415 παρ’
845 328 924 418 ὑμῖν
936 335 1059 422 ῥηιδίως

45 436 88 493 137
100 429 242 516 διαπρα
242 455 320 497 εται.
354 454 369 495 ε
371 419 529 513 ίμλν
485 452 550 494 ουν
555 425 770 521 ἤνουσεν,ο
751 426 859 515 οἶμαι,
881 428 960 509 τοὺς
982 431 1058 501 τότε

100 555 204 596 ταυτα
215 551 299 609 προς
309 551 414 593 αυτον
427 525 580 605 είποντας
590 551 804 613 παραχρημα,
830 523 874 608 ὡς
897 527 1013 614 δεῦρ’
997 555 1056 598 επ-

99 635 264 713 ανῆλθον,
272 622 674 712 ἀποτετυμπανισμένους,
682 622 869 712 ἐποίησεν’”
848 654 891 694 αν
897 654 998 696 ταυτο
1010 637 1058 719 τῷ

98 735 237 815 βασιλεῖ.
266 730 300 792 τί
285 723 343 792 ί’δ
354 716 649 810 ἦνόέιιεῑνοςέποί
634 729 742 809 ίησεν;
764 724 1056 812 ἐξαπατηθελςάπό

101 823 294 910 Τιμαγόρου
305 821 612 945 καὶτετταράιιουτα
622 821 821 909 τάλαντα,”
796 850 841 902 ως
852 827 988 912 λέγεται,
1001 829 1058 893 δε-

99 921 215 1001 δωκιός
225 920 327 1010 αὐτῷ,
341 918 451 1009 ἐπειδὴ
462 919 535 1007 παρ’
548 921 629 1008 ὑμῖν
640 920 837 991 ἐπύθετο’
794 921 900 992 αυτόν
910 931 1058 992 τεθνεαῖ-

97 1050 139 1091 τα
151 1025 207 1090 καὶ
217 1019 296 1089 οὐδὲ
310 1029 372 1087 τοῦ
388 1027 447 1106 ζῆν
463 1019 545 1088 όυτα
556 1021 676 1106 τιν’ριον
688 1019 781 1110 αὐτῷ
791 1029 989 1110 βεβαιῶσαι,
1011 1020 1058 1111 μή

96 1130 129 1189 τί
138 1119 164 1205 γ’
178 1117 200 1189 δι’
212 1124 326 1208 ἐκείνῳ
343 1117 414 1188 τόθ’
433 1115 591 1204 ὑπίσχετο
610 1126 747 1207 πρᾶξαι,
771 1125 856 1206 ἔγνω
878 1122 938 1209 την
956 1120 1055 1211 τιμὴν

96 1218 172 1305 οὐχὶ
182 1226 230 1308 τῷ
240 1227 346 1307 κυρίῳ
357 1225 427 1285 τεόν
437 1219 641 1304 πραγμάτων
659 1219 820 1300 δεδωκώς.
852 1224 907 1290 καὶ
923 1222 988 1308 χάρ
1004 1249 1057 1293 τοι

96 1317 304 1404 πρῶτονμὲν
319 1315 515 1440 Ἀμφίπολιν
524 1316 624 1385 πόλιν
634 1315 797 1439 ὑμετέραν
808 1320 958 1407 [δούλην]
974 1347 1056 1389 κατ-

97 1420 261 1543 ἐπεμψεν,
283 1414 327 1503 ἣν
341 1417 418 1485 τότε
437 1418 612 1503 σύμμαχον
628 1415 735 1486 αὑτοῦ
755 1420 810 1491 καὶ
832 1425 975 1506 φίλην”
958 1444 1056 1505 εχρα-

96 1529 177 1596 ψεν·
200 1515 247 1585 εἶτ
250 1514 395 1584 ὀὐδενὶ
412 1513 542 1584 πώποτ’
559 1520 661 1583 ἔδωκε
682 1514 831 1603 χρήματα
846 1542 908 1584 του
895 1525 1053 1586 λοιποῦ.

50 1612 199 1683 sevadae
218 1611 437 1682 τοίνυντοῦτ’
453 1609 497 1681 ἀν
508 1608 830 1702 ἐποίησεΦίλιππος,
849 1624 882 1684 εί
889 1641 963 1685 τινα
973 1641 1055 1685 του-

69 1796 75 1801 ,
96 1739 166 1779 των
177 1711 242 1779 εἶδε
256 1715 351 1831 δίηην
363 1711 482 1797 δόντα,
496 1715 549 1779 καὶ
560 1739 642 1798 νυν,
659 1709 702 1780 ἀν
713 1718 783 1800 λ’δη,
795 1714 934 1800 ποιήσει.
966 1717 1055 1783 ἐπει-

96 1808 161 1878 δὰν
174 1807 237 1876 δΗ
218 1809 325 1898 ααούη
334 1813 491 1895 λέγοντας
503 1809 762 1898 εὐδοκιμοῦντας
773 1809 841 1881 ἐν
822 1828 911 1899 υμῖν,
923 1815 1054 1898 ἑτέρους

96 1915 284 1995 κρίνοντας,
296 1916 331 1977 τί
337 1912 392 1978 καὶ
402 1909 542 1998 ποιήσῃς
564 1917 641 2000 ζητῇ
652 1911 744 1981 πόλλ’
757 1910 966 1997 ἀναλίσκειν,
979 1912 1053 1995 ἐξόν
1062 1939 1116 1997 334

96 2008 238 2093 ἐλάττω,
257 2011 313 2077 καὶ
323 2008 449 2088 πάντας
458 2012 662 2096 θεραπεύειν
673 2013 850 2102 βούληται,
874 2009 924 2084 δύ’
934 2010 956 2103 ἦ
967 2028 1054 2103 τρεῖς

96 2108 190 2189 ίξόνχ
213 2117 361 2194 μαίνοιτο
380 2108 512 2194 μίντάν.
546 2107 709 2195 οὐδὲγὰρ
734 2111 798 2200 τὴν
818 2120 886 2183 τόν
897 2121 1055 2200 Θηβαίων

96 2206 197 2275 πόλιν
210 2211 318 2274 είλετο·
325 2211 470 2294 δημοσίᾳ,
478 2222 585 2275 ποιεῖν
596 2207 614 2276 ὁ
627 2217 790 2301 Φίλιππος
801 2204 855 2297 εὖ,
878 2222 1005 2282 πολλοῦ
1016 2240 1054 2298 χε

49 2319 87 2374 39
96 2307 153 2374 καὶ
164 2311 228 2390 δεῖ,
247 2303 315 2374 ἀλλ’
335 2303 401 2374 ὑπό
412 2313 483 2373 τῶν
494 2310 667 2394 πρέσβεων
683 2312 833 2394 ἐπείσθη.
863 2307 904 2377 όν
921 2311 957 2378 δὲ
974 2312 1052 2395 τρό-

93 2429 170 2490 πον,
184 2405 303 2490 φράσω
315 2404 398 2490 πρὸς
407 2402 495 2489 ὑμᾶς
505 2406 580 2490 ἔχω’.
610 2399 720 2493 ἦλθον
732 2404 776 2487 ὡς
785 2405 889 2476 αὐτόν
902 2412 1055 2496 πρέσβεις
1080 2427 1086 2437 ·

94 2508 132 2573 ἐκ
143 2512 274 2591 Θηβῶν,
287 2503 343 2574 ὅτε
354 2528 416 2589 περ
429 2506 484 2573 καλ
494 2502 569 2590 παρ’
578 2503 675 2591 ὑμῶν
685 2499 865 2594 ἡμελςῆμεν
876 2509 951 2575 ἐκεῖ.
974 2509 1055 2575 τού-

93 2629 163 2682 τοις
173 2603 312 2692 χρήματ’
327 2607 452 2682 ἐκεῖνος
465 2603 621 2692 ἐβούλετο
633 2610 764 2691 δοῦναι,
775 2608 831 2674 καὶ
841 2608 932 2674 πάνυ
943 2632 981 2692 με
988 2656 998 2690 ,
1011 2605 1055 2687 ως

93 2709 235 2789 ἔφασαν,
257 2704 373 2773 πολλά.
408 2701 471 2772 οὐκ
492 2706 643 2785 ἐδέξαντο
667 2702 741 2772 οὐδ’
754 2709 876 2793 ἔλαβον
897 2712 1002 2773 ταῦτα
1021 2709 1057 2774 ol

93 2810 164 2868 των
176 2809 332 2886 Θηβαίων
345 2806 508 2890 πρέσβεις.
542 2800 622 2890 μετὰ
634 2812 738 2872 ταῦτα
749 2806 787 2872 ἐν
796 2803 906 2893 ’θυσίᾳ
917 2806 983 2871 τινὶ
998 2806 1054 2875 καὶ

94 2903 220 2985 δείπνῳ
232 2907 341 2967 πίνων
350 2906 406 2969 καὶ
416 2903 782 2990 φιλανθρωπευόμενος
798 2900 882 2991 πρὸς
900 2900 1052 2982 αὐτούςό

93 3005 259 3075 Φίλιππος
268 2995 351 3065 ἄλλα
362 3025 398 3065 τε
410 2998 449 3084 δὴ
461 3001 577 3084 πολλὰ,
590 2996 664 3069 οἷον
674 3001 861 3088 αἰχμάλωτα
872 3003 927 3070 καὶ
937 3009 1054 3070 τοιαῦ-

92 3123 144 3182 τα,
155 3100 211 3164 καὶ
222 3103 387 3163 τελευταῖν
396 3097 564 3182 ἐκπώματ’
574 3096 706 3184 ἀργυροῖ
721 3100 778 3167 καὶ
788 3107 894 3185 χρυσᾶ
905 3097 1051 3186 προῦπι-

92 3220 153 3262 νεν
175 3191 295 3272 αὐτοῖς.
325 3193 550 3264 πάνταταῦτα
569 3197 689 3266 ἐκείνοι
700 3202 906 3268 διεωθοῦντο
918 3201 974 3267 καὶ
988 3195 1051 3266 οά-

47 3302 83 3356 40
94 3299 183 3380 δαμῇ
202 3299 355 3377 προΐεντο
373 3294 522 3374 ἑαυτούς.
549 3303 712 3365 τελευταῖν
724 3298 761 3367 δὲ
773 3305 902 3382 Φίλων,
919 3293 965 3373 εἷς
980 3302 1050 3365 των

92 3397 276 3479 πρέσβεων,
288 3392 390 3479 εἶπεν,
403 3386 757 3484 ἀάνδρεςἈθηναίοι,
773 3395 877 3480 λόχον
892 3390 954 3480 οάχ
964 3390 1048 3481 ὑπὲρ
1076 3440 1081 3459 ι
1096 3430 1100 3441 ·
