2340 3894
155 178 169 324 ff
203 218 333 280 ΠΕΡΙ
353 218 463 280 m
479 218 943 286 ιιπεκιιεεεεαικε.
989 222 1053 288 σοι

98 405 146 459 κε,
158 379 213 445 καὶ
225 378 388 464 τοσαύτης
404 384 588 462 παρανοίας
598 383 653 447 καί
664 387 783 465 μανίαις
798 386 955 469 ἐνέπλησε
971 383 1053 464 τοὺς

95 476 328 562 ταλαιπώρους
345 480 491 556 ἐκείνους
502 475 584 545 ὥσθ’
593 527 602 563 ,
619 475 660 571 ἶν’
677 477 832 567 ἀλλήλων
853 479 977 566 ἄρχωσι
997 492 1053 556 καὶ

95 580 249 664 Φιλίππῳ
271 580 482 661 χαρίζωνται,
510 591 682 661 συγγενεῖς
699 576 821 647 ἀότών
841 582 897 648 καί
919 586 1053 659 πολίτας

42 694 84 750 261
94 687 297 760 μιαιφονεῖν.
321 676 376 741 καὶ
392 671 469 741 οὐδ’
480 673 614 742 ἐνταῦθ’
631 677 863 763 ἔστηκεν,ἀλλ’
879 686 926 758 είς
935 678 1054 766 Ἀρκα-
1087 702 1089 707 ·

98 777 176 840 δίαν
185 769 343 840 εἰσελθὸν
354 771 448 840 πάντ’
461 772 532 841 ἀνω
543 776 599 841 καί
610 776 701 843 κάτω
710 773 1053 864 τάκεῖπεποίηκε,καλ
1156 823 1159 827 -

97 880 165 938 νῦν
175 866 479 957 Ἀρκάδωνπολλολ
495 879 666 958 προσῆκον
683 871 796 953 αὐτοῖς
812 872 865 942 ἐπ’
877 877 1053 963 ἐλευθερίῳ
1069 895 1073 901 ·

97 973 255 1056 μέγιστον
265 983 406 1055 φρονεῖν
417 968 539 1056 ὁμοίως
549 969 630 1056 ὑμῖν
641 970 754 1056 (μόνοι
764 970 829 1059 γάρ
841 974 977 1055 πάντων
988 971 1052 1041 αό-

94 1067 257 1152 τόχθονες
274 1065 368 1153 ὑμεῖς
385 1069 456 1135 ἐστε
474 1068 636 1155 κάκεῖνοι)
656 1077 821 1139 Φίλιππον
841 1072 1052 1158 θαυμάζουσι
1060 1094 1112 1148 425

96 1167 152 1233 καὶ
162 1173 310 1250 χαλκοῦν
320 1169 429 1233 ἱστᾶσι
440 1169 495 1234 καὶ
505 1175 725 1252 στεφανοῦσι,
737 1171 792 1238 καὶ
802 1167 839 1239 τὰ
849 1178 1049 1256 τελευταῖον,

96 1260 140 1330 ἀν
151 1270 198 1342 είς
208 1265 470 1352 Πελοπόννησον
482 1275 533 1354 ίη,
554 1269 710 1351 δέχεσθαι
727 1281 797 1346 ταῖς
813 1267 950 1336 πόλεσιν
966 1271 1051 1336 είσθν

43 1386 82 1441 ω
93 1367 320 1450 ἐψηφισμένοι.
352 1362 458 1432 ταάτά
477 1364 513 1432 δέ
532 1363 637 1431 ταῦτά
657 1369 749 1449 είσινΙ
759 1363 906 1451 Ἀργεῖοι.
930 1374 1049 1433 ’ταῦτα

92 1460 135 1546 νὴ
148 1460 210 1547 τὴν
221 1461 392 1548 Δήμητρα,
405 1467 436 1529 εί
446 1467 497 1530 δεῖ
503 1461 548 1547 μὴ
561 1469 684 1548 ληρεῖν,
692 1461 864 1549 εὐλαβείας
875 1459 917 1531 οὐ
929 1471 1049 1548 μικροῖς

94 1563 213 1644 δεῖται,
238 1585 282 1637 τις
302 1565 437 1647 βαδίζον
456 1586 496 1646 γε
516 1559 629 1649 κόκλῳ
647 1564 703 1628 καί
714 1559 802 1646 δεῦρ’
815 1559 996 1646 ἐλήλυθεν,
1019 1553 1048 1628 ώ

92 1657 215 1743 ἀνδρες
232 1657 419 1744 Ἀθηναῖοι,
440 1657 477 1726 τό
494 1658 627 1744 νόσημα
642 1667 752 1728 τοῦτο.
791 1660 854 1738 ἕως
870 1653 935 1728 οάν
949 1656 996 1726 ἐτ’
1010 1662 1048 1726 ἐν

93 1756 252 1843 ἀσφαλεῖ,
270 1759 466 1842 φυλάξασθε
476 1759 531 1825 καὶ
547 1754 626 1837 τούς
643 1756 796 1841 πρώτους
810 1755 1047 1842 εἰσαγαγόντας
1153 1814 1157 1821 ,

92 1853 293 1942 ἀτιμώσατε·
310 1861 341 1923 εί
355 1855 391 1923 δέ
408 1853 471 1943 μη,
493 1853 641 1924 σκοπεῖθ’
658 1854 748 1933 ὅπως
758 1857 802 1941 μη
814 1861 993 1939 τηνικαῦτα
1005 1849 1045 1921 εὖ

92 1959 251 2040 λέγεσθαι
273 1954 362 2036 δόξει
381 1952 424 2023 τά
444 1963 510 2023 νῦν
532 1956 697 2043 εἰρημένα,
721 1953 777 2021 ὅτε
797 1949 873 2020 οὐδ’
897 1951 964 2019 ὅτι
981 1950 1043 2039 χρὴ

44 2075 81 2131 63
91 2067 198 2121 ποιεῖν
208 2055 302 2134 ἕξετε.
325 2051 387 2139 οὐχ
397 2052 495 2135 ὁράτε
507 2052 552 2132 ώς
563 2058 707 2140 ἐναργὲς,
719 2046 747 2121 οδ
759 2051 880 2141 ἀνδρες
886 2050 1044 2139 Ἀθηναῖ-

53 2164 57 2169 ’
90 2178 133 2235 οι,
155 2154 210 2219 καὶ
230 2150 334 2236 σαφὲς
354 2152 562 2237 παράδειγμα
590 2156 623 2218 οἱ
641 2157 844 2234 ταλαίπωροι
865 2150 1043 2235 γεγόνασιν

87 2247 273 2330 Ὀλόνθιοις
291 2255 330 2339 Ιοἳ
344 2245 418 2334 παρ’
432 2247 533 2316 οὐδὲν
543 2247 650 2326 οὕτως
667 2246 712 2326 ώς
728 2248 765 2316 τό
781 2255 918 2315 τοιαῦτα
933 2263 1043 2316 ποιεῖν

89 2348 312 2435 ἀπολώλασιν,
325 2352 360 2416 οί
367 2352 513 2415 δείλαιοι.
545 2352 647 2432 ἔχοιτε
660 2345 690 2413 δ’
704 2341 747 2413 ἀν
763 2344 910 2424 ἐξετάσαι
927 2354 1038 2412 καθα-

90 2454 157 2529 ρῶς
167 2450 203 2515 ἐκ
213 2454 281 2515 τῶν
292 2447 552 2534 συμβεβηκότων
562 2445 682 2525 αὐτοῖς.
716 2443 928 2528 έκεῖνοιγάρ,
947 2441 1044 2530 ἡνίκα

70 2545 151 2630 μὲν
171 2554 403 2629 τετρακοσίους
424 2547 541 2623 ίππέας
560 2546 736 2629 ἐκέκτηντο
756 2541 864 2628 μόνον
882 2543 938 2608 καί
956 2541 1043 2625 σάμ-

89 2667 210 2724 παντες
221 2637 419 2730 οόδένῆσαν
440 2651 574 2722 πλείους
602 2647 878 2726 πεντακισχιλίων
894 2638 954 2709 τόν
967 2637 1043 2724 ἀρι-

89 2742 191 2826 θμὸν,
204 2741 299 2809 οάπω
310 2746 504 2813 Χαλκιδέων
520 2742 657 2810 πάντων
669 2747 714 2820 είς
725 2743 763 2808 ἓν
773 2742 1041 2828 συνῳκισμένων,
1114 2816 1120 2831 ¹

45 2863 81 2919 54
89 2828 360 2923 Λακεδαιμονίων
377 2838 428 2909 ἐπ’
445 2839 568 2919 αὐτοδς
585 2840 758 2909 ἐλθόντων
775 2845 882 2925 πολλῇ
892 2839 948 2904 καὶ
963 2841 1041 2915 mg*

88 2938 145 3004 καὶ
162 2944 302 3023 ναυτικῇ
318 2938 457 3023 δυνάμει
474 2949 556 3024 (ίστε
571 2936 636 3024 γάρ
659 2939 767 3026 δήπου
782 2933 889 3019 τοῦθ’,
908 2934 961 3004 ότι
981 2942 1042 3021 γῆς

88 3036 144 3103 καί
166 3033 332 3120 θαλάττης
353 3028 458 3120 ἦρχον
484 3033 528 3114 ὡς
550 3041 627 3113 ἔπος
655 3043 760 3104 εἰπεῖν
784 3035 1043 3121 Λακεδαιμόνιοι

87 3130 155 3202 κατ’
168 3135 317 3211 ἐκείνους
326 3130 406 3211 τοάς
414 3133 588 3219 χρόνονς,)
599 3131 667 3200 ἀλλ’
680 3131 769 3218 ὅμως
779 3131 975 3218 τηλικαύτης
986 3128 1038 3199 ἐπ’
1124 3192 1127 3197 .

87 3229 723 3318 αὖτούςέλθοόσηςδυνάμεωςοιῆετην
733 3230 831 3299 πόλιν
842 3229 1054 3314 οὕτεφροά·

87 3355 163 3414 ριον
173 3328 275 3398 οὐδὲν
284 3328 471 3413 ἀπώλεσαν,
489 3328 571 3400 ἀλλά
581 3333 639 3399 καί
648 3331 753 3417 μάχας
763 3328 888 3408 πολλάς
898 3329 1039 3416 ἐκράτη-

88 3449 153 3498 σαν
162 3431 216 3496 καὶ
226 3443 314 3512 τρεῖς
328 3436 398 3498 τών
413 3430 633 3516 πολεμάρχων
647 3426 847 3499 ἀπέκτειναν
862 3428 918 3496 καὶ
932 3424 969 3494 τό
981 3451 1038 3495 τε-
