2340 3894
164 185 225 250 ωε
383 190 417 248 κ
455 184 906 263 [ΔΗΜοΣοεΝουΣ]

162 354 296 417 πολλῶν
304 342 492 412 Ὀλυνθίων
500 352 548 432 τῶ
557 348 740 411 Ποτίδαιαν
748 353 978 430 καρπούσθω·
1002 342 1067 414 οὑκ
1077 338 1120 434 ἦν

151 438 309 529 ’ἀσφαλὲς
324 448 434 529 λέγειν
450 445 488 510 ἐν
506 450 666 530 Θετταλίᾳ
682 442 722 510 τά
740 451 909 512 Φιλίππου
925 443 970 531 μὴ
992 441 1059 512 οὑν
1081 437 1120 512 εὑ

162 543 374 621 πεπονθότος
390 549 451 610 τοῦ
469 542 622 627 πλήθους
637 548 700 608 τοῦ
712 549 887 609 Θετταλῶν
902 550 950 631 τῶ
966 541 1048 622 τοὺς
1059 569 1119 612 τυ-

162 642 310 729 ράνυουςΙ
330 646 482 727 ἐκβαλεῖν
498 647 666 707 Φίλιππον
688 628 870 722 αὐτοῖςκαὶ
887 637 950 723 τὴν
963 647 1117 710 Πυλαίαν

162 743 363 811 ἀποδοῦναι·
386 737 449 807 οὐκ
461 731 504 822 ἦν
515 741 553 807 ἐν
564 738 690 823 Θήβαις
700 735 863 822 ἀσφαλὲς,
876 741 955 819 πρὶν
965 737 1028 824 τὴν
1038 747 1117 807 Βοι-

117 855 154 910 68
164 849 265 910 ωτίαν
275 838 424 907 ἀπέδωκε
436 841 491 904 καὶ
501 835 579 915 τούς
594 840 731 915 Φωκέας
748 835 886 904 ἀνεῖλεν.
923 834 996 914 ἀλλ’
1010 835 1116 924 Ἀθή-

162 960 262 1027 νησιυ
273 938 314 1006 οὐ
325 937 431 1025 μόνον
444 933 642 1021 Ἀμφίπολιν
653 937 708 1002 καλ
718 932 781 1021 τὴν
791 940 995 1020 Καρδιανῶν
1003 935 1115 1023 χῶραν

162 1036 420 1120 ἀπεστερηκότος
437 1039 621 1119 Φιλίππου,
642 1031 725 1101 ἀλλά
742 1036 800 1102 καί
816 1035 1115 1116 κατασκευάζοντος

160 1133 241 1221 ἡμῖν
257 1136 457 1219 ἐπιτείχισμα
473 1130 536 1217 τὴν
545 1131 769 1218 Εὕβοιανκαὶ
785 1141 852 1200 νῦν
868 1136 921 1200 ἐπὶ
931 1133 1114 1215 Βυζάντιον

160 1233 347 1318 παριόντος,
356 1231 503 1317 ἀσφαλές
511 1234 579 1300 ἐστι
587 1234 696 1315 λέγειν
704 1228 787 1318 ὑπὲρ
795 1238 971 1299 Φιλίππου.
989 1232 1113 1317 καλχάρ

160 1361 212 1403 τοι
223 1332 353 1402 τούτων
364 1335 426 1417 μὲν
436 1335 473 1399 ἐκ
490 1337 630 1416 πτωχῶν
646 1337 731 1399 ἔνιοι
746 1328 828 1416 ταχὺ
846 1330 1001 1399 πλούσιοι
1016 1333 1113 1417 γεγό-

159 1453 237 1503 νασι
255 1434 311 1501 καλ
326 1435 359 1511 ἐξ
377 1428 566 1515 ἀνωνύμων
576 1432 632 1497 καλ
642 1427 772 1509 ἀδόξων
782 1434 911 1510 ἔνδοξοι
925 1433 980 1500 καὶ
990 1429 1113 1517 χνῶρι-

159 1559 232 1619 μοι,
250 1528 342 1617 ὑμεῖς
353 1529 390 1598 δὲ
401 1525 599 1597 τούναντίου
608 1530 645 1596 ἐκ
657 1527 719 1614 μὲν
730 1528 873 1608 ἐνδόξων
884 1525 1013 1615 ἀδοξοι,
1033 1533 1070 1598 ἐκ
1081 1527 1109 1597 δ’

113 1652 150 1706 69
159 1628 314 1713 εὐπόρων
325 1627 454 1711 ἀποροι.
466 1656 472 1666 ·
485 1627 612 1706 πόλεως
622 1626 686 1714 γὰρ
697 1631 799 1712 ἔγωγε
811 1635 959 1696 πλοῦτον
967 1625 1111 1714 ἡγοῦμαι

158 1728 366 1816 συμμάχους,
388 1732 514 1812 πίστιν,
537 1725 697 1813 εὔνοιαν,
714 1717 763 1794 ῶν
777 1727 915 1796 πάντων
930 1725 1025 1814 ὑμεῖς
1042 1731 1110 1796 ἐστὲ

158 1828 293 1910 ἀποροι·
308 1827 344 1892 ἐκ
356 1828 392 1890 δέ
402 1831 463 1891 τοῦ
473 1824 603 1892 τούτων
614 1823 784 1911 ὀλιγώρως
793 1823 880 1912 ὑμᾶς
890 1833 977 1912 ἐχειν
987 1829 1044 1897 καὶ
1053 1830 1110 1903 ε’ἀν

157 1934 279 1992 τοῦτον
295 1921 356 1990 τόν
374 1922 502 2004 τρόπον
515 1948 556 1989 τα
574 1926 752 2009 πράγματα
768 1929 929 2009 φέρεσθαι
948 1922 1042 2010 ὁμὲν
1053 1923 1110 1995 εό-

158 2028 285 2106 δαίμων
301 2020 356 2088 καὶ
373 2022 473 2105 μέγας
487 2021 544 2088 καὶ
555 2021 700 2109 φοβερὸς
711 2023 950 2110 πάσινἙλλησι
960 2027 1017 2094 καὶ
1026 2033 1109 2113 βαρ-

157 2122 290 2210 βάροις,
309 2115 402 2204 ὑμεῖς
413 2117 444 2185 δ’
457 2124 573 2206 ἔρημοι
583 2123 638 2189 καὶ
648 2125 812 2206 ταπεινοί,
830 2131 872 2210 τῇ
882 2123 943 2210 μὲν
953 2123 1038 2193 κατὰ
1049 2124 1108 2211 τὴν

157 2217 284 2308 ἀγορὰν
292 2216 443 2306 εὐετηρίᾳ
452 2217 690 2308 λαμπροὶ,τῇδ
695 2212 747 2289 ’ῶν
757 2229 904 2308 προσῆκε
914 2229 1108 2310 παρασκευῇ

112 2320 399 2406 Ὶδιιαταχέλιιστοι.
432 2314 474 2384 οὐ
491 2315 552 2386 τδν
568 2316 674 2388 αὐτόν
689 2319 725 2388 δδ
740 2320 865 2403 τρόπον
882 2327 960 2406 περί
966 2347 1003 2408 τε
1014 2319 1108 2409 ὑμῶν
1117 2340 1158 2392 15⁰

156 2421 212 2489 καὶ
221 2419 296 2503 περὶ
306 2413 420 2484 αὑτῶν
430 2417 541 2496 ἐνίους
550 2425 620 2486 τῶν
635 2417 889 2503 λεχόντωνὺρῶ
905 2424 1109 2508 βουλευομέ-

154 2544 250 2598 νους·
272 2514 360 2603 ὑμᾶς
376 2514 438 2600 μὲν
449 2513 513 2598 χάρ
524 2515 666 2602 ἡσυχίαν
675 2518 770 2602 ἀγειν
780 2520 862 2605 φασδ
874 2522 961 2604 δεῖν,
984 2517 1051 2587 κάν
1061 2546 1107 2598 τις

155 2617 240 2701 ὑμᾶς
250 2613 348 2707 ἀδικῇ
353 2663 362 2696 ,
386 2609 481 2679 αὐτοὶ
493 2611 525 2680 δ’
544 2611 586 2682 οὑ
597 2615 758 2686 δύνανται
773 2615 858 2701 παρ’·
871 2615 952 2703 ὑμῖν
968 2615 1108 2705 ἡσυχίαν

154 2714 249 2798 ἀμειν
266 2707 406 2788 ου’δενδς
429 2707 553 2790 αὑτοὺς
573 2710 778 2795 ἀδικοῦντος.
811 2723 918 2784 καίτοι
941 2723 1108 2800 λοιδορίας

95 2845 97 2850 ’
154 2813 268 2899 χωρίς,
290 2817 323 2879 ελ
334 2835 383 2887 τις
399 2814 506 2894 ἔροιτο
515 2807 610 2880 “είπε’
617 2839 673 2898 μοι
680 2863 690 2897 ,
711 2821 744 2882 τί
753 2813 793 2901 δὴ
804 2813 1002 2901 γιγνώσκων
1012 2815 1108 2901 ἀκρι-

148 2907 254 2997 “βῶς,
269 2907 496 2995 Ἀριστόδημε,
508 2907 632 3006 (οὐδεὶς
642 2912 706 2998 γὰρ
717 2912 758 2982 τὰ
770 2911 895 2990 τοιαῦτ’
909 2911 1037 3000 ἀγνοεῖ)
1048 2913 1107 2984 τόν

150 3005 234 3094 ’μὲν
254 3013 322 3075 τῶν
342 3010 484 3074 ίδιωτῶν
503 3013 579 3094 βίον
600 3007 736 3099 ἀσφαλῆ
756 3014 812 3081 καὶ
832 3009 1032 3099 ἀπράγμονα
1052 3017 1108 3082 καὶ

150 3103 354 3183 ’ἀκίνδυνον
365 3101 456 3188 ὅντα,
468 3102 528 3174 τόν
539 3110 575 3175 δὲ
585 3109 654 3177 τῶν
665 3116 930 3197 πολιτευομένων
940 3117 1107 3198 φιλαίτιον

147 3202 226 3274 “nal
242 3201 411 3288 σφαλερόν
428 3205 484 3270 καὶ
498 3202 580 3281 καθ’
598 3207 737 3296 ἑκάστιμ
756 3207 883 3296 ἡμέραν
898 3209 1043 3295 ἀχῶυων
1053 3212 1106 3280 καὶ

149 3302 284 3373 “κακῶν
293 3298 424 3388 μεστὸν,
432 3299 475 3368 οὑ
483 3301 542 3371 τόν
550 3301 698 3392 ἡσύχιον,
706 3305 788 3376 ἀλλά
797 3308 857 3375 τὸν
866 3311 903 3376 ἐν
911 3321 981 3388 τοῖς
987 3307 1107 3382 κινδύ-

109 3411 143 3469 71
150 3399 242 3484 “vote
252 3397 368 3490 αίρεῑ;”
390 3407 423 3468 τί
431 3396 476 3468 ἀν
486 3411 572 3471 είποι
583 3389 651 3486 us}
670 3412 701 3476 εί
713 3409 778 3494 χάρ
789 3402 808 3474 ό
819 3409 991 3494 βέλτιστον
1002 3412 1107 3486 εἰπεῖν
