2340 3894
236 175 360 239 ΠΕΡΙ
378 175 489 238 mlv
507 177 578 237 EN
598 180 956 244 ΧΕΡΡΟΝΗΣΩΙ.
1025 183 1068 246 ⁹³

110 331 183 402 ἀλλ’
201 328 225 420 ή
245 332 340 420 λόγοι
360 335 401 403 τά
412 333 486 419 παρ’
505 339 599 427 ἐμοῦ,
618 343 670 406 δεῖ
684 338 715 405 δ’
729 345 837 425 ἔργων
852 349 894 430 τή
909 342 1069 412 πόλειιαδ

109 432 265 516 πράξεως
274 460 373 514 τινος.
397 437 460 521 ἐγὼ
473 434 506 503 δ’
520 434 564 515 ὥς
575 441 637 522 ἔχω
648 438 872 524 περὶτούτων,
890 442 973 520 λίξω
984 439 1069 527 πρὸς

109 528 199 617 ὑμᾶς
213 532 270 600 καὶ
285 529 348 601 οῦκ
370 531 618 620 ἀποκρύψομαι·
660 533 736 603 οὐδ’
760 535 845 606 εἶναι
864 544 985 624 νομίζω
1006 547 1067 608 τοῦ
1148 567 1150 571 ’

74 698 82 715 l
110 630 403 716 συμβουλεύοντος
413 631 494 718 ὑμῖν
502 637 602 717 ἔργον
613 630 715 701 οῦδὲν
725 634 814 720 πλήν
824 639 930 704 είπεῖν
941 636 981 704 τά
992 639 1069 724 βίλ-

110 749 213 798 τιστα.
248 731 306 798 καὶ
320 728 416 798 τοῦθ’
434 729 487 799 ὅτι
502 739 624 799 τοῦτον
639 736 705 818 ἔχει
720 731 781 801 τὰν
800 732 928 818 τρόπον
947 738 1067 825 ῥᾳδίως

70 837 103 892 74
112 827 205 915 οἶμαι
216 832 344 908 δείξειν.
368 837 437 896 ῖστε
447 830 512 915 γάρ
524 830 634 918 δήπου
643 829 751 916 τοῦθ’,
758 830 810 900 ὅτι
823 832 987 919 Τιμόθεός
998 833 1067 902 ποι)

111 930 240 1006 ἐκεῖνος
250 930 287 1001 ἐν
299 925 380 1013 ὑμῖν
390 927 639 1014 ἐδημηγόρησεν
650 926 696 1008 εὑς
714 935 767 997 δεῖ
773 938 913 1018 βοηθεῖν
923 934 979 1000 καί
989 933 1068 1012 τοῦς

82 1103 88 1110 ,
112 1023 264 1110 Εὐβοίας
284 1024 416 1110 σώζειν,
434 1026 490 1094 ὅτε
508 1033 648 1113 Θηβαῖοι
664 1028 915 1099 κατεδουλοῦντ’
933 1030 1068 1114 αῦτοὺς,

111 1127 167 1192 καὶ
178 1124 287 1207 λέγων
298 1121 391 1191 εἶπεν
408 1122 495 1192 οὕτω
516 1148 602 1204 πως·
624 1123 718 1193 “είπε’
739 1154 812 1212 μοι,
833 1128 1067 1215 βουλεῦεσθε,”

111 1227 195 1309 ἔφη,
213 1218 403 1309 “Θηβαίους
418 1228 548 1308 ἔχοντες
568 1226 605 1290 ἐν
621 1225 724 1312 νήσῳ,
746 1233 780 1291 τί
792 1226 957 1312 χρήσεσθε
971 1231 1027 1296 καί
1037 1246 1068 1295 τί

108 1317 184 1389 “δεῖ
200 1335 323 1400 ποιεῖν;
343 1319 598 1408 οῦκγίμπλήσετε
616 1320 678 1406 τήν
687 1320 874 1408 θάλατταν,
900 1317 927 1390 ω’
948 1322 1069 1412 ἄνδρες
1161 1396 1166 1407 ,

110 1417 126 1444 “
132 1418 325 1505 Ἀθηναῖοι,
345 1421 505 1506 τριήρων;
532 1417 596 1488 οὐκ
613 1417 815 1498 ἀναστάντες
831 1419 894 1506 ήδη
906 1423 1069 1508 πορεύσε-

78 1515 195 1586 75“σθε
207 1524 254 1596 είς
263 1516 323 1586 τόν
333 1526 489 1604 Πειραιοῖ,
500 1516 542 1587 οῦ
553 1522 730 1598 καθέλξετε
741 1518 799 1596 τάς
808 1515 928 1597 ναῦς;”
940 1517 1070 1597 οὐκοῦν

114 1617 183 1686 εἷπε
193 1617 255 1704 μὲν
265 1625 369 1685 ταῦτα
384 1615 403 1688 ὁ
417 1620 599 1703 Τιμόθεος,
615 1617 797 1704 ’ἐποιήσατε
815 1614 848 1684 δ’
861 1614 968 1704 ὑμεῖς·
985 1621 1022 1688 ἐκ
1033 1618 1070 1689 δὲ

113 1719 243 1789 τούτων
258 1715 458 1804 ἀμφοτέρων
468 1718 506 1787 τὸ
524 1725 661 1804 πρᾶγμα
678 1719 841 1805 ἐπράχθη.
874 1725 905 1786 εί
919 1716 950 1787 δ’
970 1715 989 1788 ὁ
1007 1717 1069 1805 μὲν

114 1816 205 1886 εἶπεν
226 1815 272 1898 οὑς
294 1813 365 1886 οἷού
387 1843 422 1884 τε
444 1818 484 1885 τά
505 1818 639 1904 άριστα,
664 1815 776 1903 ὥσπερ
797 1815 904 1901 εἶπεν,
925 1814 1019 1903 ὑμεῖς
1040 1812 1069 1885 δ’

113 1913 418 2005 ἀπερρᾳθυμήσατε
441 1919 496 1984 καὶ
517 1920 621 2004 μηδὲν
642 1912 866 2001 ὑπηκούσατε,
887 1909 937 2000 αἶρ’
960 1912 1004 1984 άν
1024 1909 1068 2003 ήν

113 2015 252 2100 γεγονός
261 2041 293 2081 τι
302 2023 370 2082 τοῖν
380 2016 456 2084 τότε
467 2016 668 2103 συμβάντων
678 2025 720 2102 τῇ
730 2014 839 2094 πάλει;
860 2014 921 2102 οὐχ
937 2012 1012 2085 οἷόν
1022 2043 1065 2084 τε.

113 2112 201 2182 οὑτω
218 2119 334 2181 τοίνυν
351 2115 498 2201 καὶπερὶ
516 2107 565 2182 οὑν
584 2111 627 2182 άν
644 2115 715 2199 ἐμοῦ·
726 2119 811 2199 λέγω
828 2117 904 2183 νυνὶ
920 2119 976 2182 καὶ
993 2117 1067 2199 περὶ

113 2205 163 2281 άν
179 2207 224 2280 άν
241 2209 259 2280 ὁ
279 2217 370 2280 δεῖνα
392 2221 484 2301 εῖπη,
506 2211 546 2280 τά
567 2213 629 2299 μὲν
647 2218 727 2298 ἔργα
748 2211 822 2296 παρ’
840 2210 938 2297 ὑμῶν
955 2209 1068 2280 αὐτῶν

112 2317 242 2398 ζητεῖτε,
254 2306 294 2377 τὰ
306 2313 341 2377 δὲ
351 2312 503 2397 βέλτιστα
514 2311 674 2398 ἐπιστήμη
692 2313 800 2395 λέγειν
810 2311 899 2397 παρὰ
910 2321 971 2378 τοῦ
981 2336 1068 2396 παρ-
1159 2315 1169 2326 ’

113 2411 234 2490 mog..
460 2416 462 2420 ’

78 2519 105 2576 76
192 2505 247 2575 Ἐν
264 2515 432 2597 κεφαλαίῳ
449 2506 483 2575 δ’
502 2505 524 2574 οἳ
540 2511 625 2593 λέγω
636 2506 769 2592 φράσας
785 2510 968 2590 καταβῆναι
984 2504 1071 2591 βοῦ-

112 2615 220 2694 λομαι.
244 2606 396 2692 χρήματα
410 2610 577 2692 εἰσφέρειν
587 2607 673 2692 φημὶ
688 2609 767 2690 δεῖν,
779 2601 842 2688 τήν
852 2599 1070 2691 ὑπάρχουσαν

112 2707 259 2790 δύναμιν
271 2708 431 2791 συνέχειν,
440 2709 754 2799 ίπανορθοῦνταςεῖ
760 2730 792 2771 τι
804 2709 897 2772 δοκεῖ
903 2703 949 2792 μή
960 2712 1069 2783 καλοῖς
1082 2707 1131 2764 109

111 2808 207 2890 ἔχειν,
220 2804 264 2889 μή
276 2801 368 2881 ὅσοις
379 2804 422 2872 άν
431 2831 479 2883 τις
490 2805 675 2889 αἰτιάσηται
684 2802 722 2872 τὸ
734 2802 815 2872 ὅλον
827 2805 1067 2884 καταλύοντας·

111 2905 269 2988 πρέσβεις
276 2904 454 2986 ἐκπέμπειν
465 2901 713 2988 πανταχοῖτοὺς
722 2902 923 2989 διδάξοντας,
941 2913 1069 2973 νουθε·

110 3000 289 3087 τήσοντας,
301 3002 487 3084 πράξοντας
500 2999 562 3068 ὅσα
574 2987 619 3067 άν
628 3000 795 3068 δυ’νωνται
805 3008 846 3087 τή
855 2999 963 3069 πόλει·
978 3000 1068 3087 παρά

111 3099 223 3166 πάντα
238 3104 344 3164 ταῦτα
362 3097 441 3175 τοῦς
456 3100 509 3165 ἐπὶ
524 3113 592 3176 τοῖς
610 3099 779 3184 πράγμασι
795 3102 1069 3183 δωροδοκοῦντας

110 3196 265 3276 κολάζειν
274 3197 331 3263 καὶ
342 3209 449 3279 μισεῖν
461 3206 640 3283 πανταχοῦ,
657 3194 698 3264 ἵν’
711 3201 746 3264 οί
759 3198 884 3282 μέτριοι
894 3199 949 3264 καὶ
960 3202 1069 3264 δικαί-

112 3321 172 3373 ους
196 3291 323 3371 αὑτοῦς
338 3296 535 3379 παρέχοντες
553 3289 592 3362 εὑ
608 3302 856 3382 βεβουλεῦσθαι
872 3298 997 3361 δοκοῦσι
1013 3294 1069 3359 καὶ

70 3403 103 3461 ῖ7
112 3406 181 3472 τοῖς
191 3392 305 3471 άλλοις
315 3395 370 3472 καὶ
381 3394 517 3470 ἑαυτοῖς.
552 3391 596 3459 άν
612 3393 702 3461 οὕτω
718 3408 786 3472 τοῖς
805 3392 975 3477 πράγμασι
986 3399 1068 3477 χρή-
