2340 3894
137 184 183 247 ‘xo
380 222 390 243 τ
516 179 771 239 cancromata

142 354 296 425 Dionysius
317 367 347 423 p·
374 355 434 411 tao.
457 342 505 405 ἐντί
529 337 678 403 Θεσσόλαυ
700 343 754 401 τοῦ
771 332 833 417 μετ’
859 333 1072 420 Ἀριστόδημον
1093 332 1148 418 τὴν

139 429 209 510 περί
220 429 341 491 Ῥοδίων
355 419 515 508 ἀνήγγειλε
538 425 736 504 δημηγορίαν,
758 422 791 483 ἐν
809 409 830 507 ᾗ
839 426 949 486 ,πείθει
966 419 1037 502 νοός
1052 417 1147 502 Ἀθη-

139 516 244 586 ναίονς
255 515 419 573 καταλῦσαι
428 503 484 588 τὴν
495 503 668 589 ὀλιγαρχίαν
679 500 779 568 αὐτῶν
793 505 844 567 ναί
854 499 907 567 τόν
919 507 1015 586 δῆμον
1027 506 1147 569 ἐλευθε-

137 599 242 678 ρῶσαι.
272 602 350 670 Quae
374 604 507 671 temporis
528 598 631 652 notatio
655 596 764 653 duobus
785 597 958 667 argumentis
980 612 997 651 a
1020 598 1148 653 Ciiotouo

140 687 172 743 in
192 686 283 743 Fastis
304 686 362 740 vol.
378 691 404 743 a.
422 700 450 754 p.
464 686 523 742 134.
541 681 628 749 (147.)
640 686 683 734 est
703 677 873 735 confirmata.
909 680 981 736 Nam
1002 682 1147 737 Mausolus

142 768 241 827 Cariae
264 769 377 838 regulus
403 773 432 821 ut
459 770 583 819 mortuus
607 779 634 833 p.
658 767 734 831 198„
758 778 829 817 uxor
850 778 919 817 vcro
941 765 1002 833 cius
1028 763 1149 823 Artemi·

139 852 185 906 sia
207 857 237 906 ut
256 851 324 905 viva
346 855 515 905 memoratur
534 864 562 918 p.
576 850 633 904 193.
666 845 728 899 Jam
751 861 788 899 cx
810 845 931 901 Diodoro
943 850 986 913 16,
999 850 1043 906 36.
1059 853 1088 901 et
1097 853 1147 907 45.

139 939 252 989 constat
268 933 426 989 Mausolum
449 933 554 988 obiisse
581 927 715 984 archonte
737 927 881 983 Thudemo
911 930 1017 1000 olymp.
1040 935 1100 998 1⁰6,
1120 936 1147 993 4,

142 1017 321 1071 Artemisiam
344 1031 412 1071 voro
445 1014 554 1070 duobus
577 1013 659 1068 annis
677 1016 750 1082 post.
782 1011 825 1067 Ex
846 1028 901 1083 quo
923 1016 1047 1083 sequitur
1067 1012 1149 1068 Arte·

139 1099 252 1153 misiam
281 1099 360 1153 brevi
389 1105 452 1169 post
481 1098 554 1152 hanc
581 1096 734 1150 orationem
755 1100 881 1166 tempore
908 1100 1045 1152 mortuam
1072 1111 1147 1164 esse,

138 1180 298 1236 orationem
329 1188 420 1236 autern
448 1183 476 1235 in
503 1196 567 1235 eum
594 1179 687 1248 ipsum
714 1193 817 1255 annum
852 1177 978 1233 incidere
1004 1182 1049 1236 cui
1084 1194 1147 1236 eam

138 1263 293 1334 adscripsit
310 1263 473 1335 Dionysius,
496 1263 600 1333 aliquot
615 1267 680 1333 post
697 1260 799 1316 bellum
823 1263 928 1318 sociale
950 1263 1047 1331 anuis,
1071 1262 1148 1334 quod

141 1346 270 1418 Byzantii
292 1348 424 1401 societate
445 1364 509 1403 oum
533 1344 608 1400 Chiis
622 1343 796 1415 Rhodiisque
805 1345 894 1414 juncti
912 1344 1051 1402 adversus
1063 1346 1148 1402 Athe-

139 1429 255 1484 nienses
283 1435 433 1500 gesserunt
459 1432 564 1500 olymp.
585 1434 644 1493 105,
663 1431 793 1492 3.-106,
810 1433 836 1483 1.
869 1428 953 1498 Cujus
974 1429 1041 1484 belli
1062 1445 1148 1501 quum

141 1527 243 1569 recens
256 1514 390 1567 memoria
405 1517 489 1580 esset,
503 1526 605 1581 magna
615 1515 675 1564 arte
694 1525 765 1580 opus
787 1516 848 1565 crat
864 1510 1044 1568 Demostheni
1063 1512 1148 1569 Athe-

141 1596 293 1651 iriensibus¹
309 1594 440 1649 suadenti
464 1600 494 1650 ut
505 1591 624 1648 Rhodiis
646 1598 843 1647 succurrerent
864 1593 1045 1666 depopulari
1066 1595 1147 1651 liher-

141 1684 197 1732 tate
219 1693 282 1732 curn
305 1676 476 1746 oligarchica
498 1678 618 1731 lactioue
640 1675 878 1733 contendentibus

237 1758 346 1814 Eodem
377 1758 432 1814 hoc
459 1759 625 1830 proximove
654 1774 727 1813 auno
754 1757 957 1823 Demosthenes
992 1760 1148 1815 orationem

92 1913 95 1917 .
140 1840 239 1898 habuit
268 1839 420 1914 (XXXIX.)
440 1827 515 1913 πρὸς
539 1825 670 1904 Βοιωτόν
697 1833 764 1916 περὶ
792 1838 847 1896 τοῦ
862 1829 1021 1914 ὀνόματος,
1050 1842 1148 1914 aqui-

142 1922 263 1981 busdam
282 1923 420 1979 Dinarcho
440 1925 620 1992 adscriptam.
648 1923 798 1995 Dionysius
815 1926 871 1983 vol.
886 1932 913 1983 5.
927 1942 955 1996 p.
966 1929 1029 1984 655.
1050 1911 1069 1981 ὃ
1086 1925 1148 1997 Aty-

138 1998 308 2107 ρεοσθίνονς
335 2000 403 2074 περὶ
430 2004 483 2063 τοῦ
510 1994 654 2077 ὀνόματος
681 1996 831 2079 λόγος-
851 1994 927 2063 κατὰ
957 1993 1148 2078 Θόσσαλανῆ

133 2079 366 2162 -Αττολλόδωραν
376 2078 507 2164 όρχοντα
526 2082 694 2145 τετέλεσται.
726 2089 788 2143 Nou
810 2090 859 2145 diu
874 2096 939 2163 post
958 2091 1148 2147 Anthasterio-

143 2188 208 2227 nem
232 2187 357 2227 mensem
378 2172 501 2229 habitam
527 2188 592 2228 esse
616 2177 779 2228 constater
807 2189 834 2243 p.
857 2178 917 2233 999.
940 2174 958 2228 i.
980 2189 1005 2229 e.
1029 2180 1148 2231 exeunte

24 2312 31 2319 ,
141 2271 217 2311 auno
239 2255 366 2311 Thessali
395 2264 443 2311 aut
465 2255 631 2327 Apollodori
661 2257 787 2311 ineunte:
816 2256 890 2310 unde
917 2262 987 2318 orta,
1006 2258 1056 2313 illa
1085 2255 1148 2311 Dio

142 2339 219 2410 nysii
246 2338 316 2393 inter
344 2339 416 2395 duos
443 2337 592 2395 archontes
619 2336 775 2403 fluctuatio,
805 2354 861 2408 qua
890 2340 990 2400 iterum
1014 2341 1149 2411 probator

140 2421 219 2493 quod
237 2437 324 2494 supra
348 2421 475 2479 dicebam
496 2420 623 2494 Dionysii
645 2422 802 2476 notationes
821 2428 976 2492 temporum
999 2422 1150 2481 ratiocina-

142 2506 218 2569 tione
235 2505 328 2576 potius
352 2522 436 2576 quam
457 2510 532 2559 corta
554 2504 720 2583 auclpritats'
735 2504 862 2559 iuventas
884 2520 958 2560 esse.
982 2500 1149 2576 Opinionem

141 2589 299 2644 criticorum
322 2587 511 2657 quorundam,
541 2587 587 2656 qui
614 2585 688 2641 hanc
709 2587 862 2642 orationem
883 2585 1025 2645 Dinarcho
1045 2589 1149 2645 tribua—

141 2671 212 2737 riut,
234 2671 335 2726 relutat
355 2669 508 2739 Dionysius
529 2668 547 2722 l.
560 2672 706 2739 aphia,
733 2669 770 2724 de
790 2685 845 2740 quo
865 2672 928 2726 loco
949 2688 977 2727 v.
1000 2686 1074 2741 quae
1088 2669 1148 2727 dixi

142 2754 172 2808 iu
194 2751 239 2807 cd.
261 2751 351 2807 Oxon.
374 2752 430 2805 vol
450 2753 476 2809 7.
498 2766 525 2821 p.
541 2755 618 2816 1158.
1043 2785 1045 2789 <
1117 2784 1121 2793 =

192 2866 196 2873 s
227 2837 254 2891 3.
265 2831 459 2888 Demosthenis
472 2832 559 2888 oratio
571 2832 723 2904 (XXXVI.)
733 2820 808 2909 ὑπὲρ
821 2830 1004 2909 Φορμίωνος,
1013 2841 1044 2889 ut
1054 2839 1150 2891 osteu-

143 2917 184 2989 dil
202 2913 343 2971 Clintonus
354 2915 383 2969 in
392 2913 483 2971 Fastis
509 2915 566 2970 vol.
588 2922 612 2973 2.
625 2933 652 2987 p.
664 2921 723 2976 135.
740 2918 827 2984 (149.)
838 2923 934 2978 ε1358.
956 2918 1047 2987 (llo.)
1077 2916 1149 2974 Nam

143 3013 228 3070 quum
253 2995 337 3051 Pasio
363 2998 511 3068 trapezita,
533 3014 615 3068 quern
637 3000 741 3070 olymp.
763 3005 821 3065 102,
842 3005 868 3059 3.
891 2999 1023 3056 archonte
1045 3000 1150 3071 Dysni-

50 3104 53 3109 ·
142 3087 205 3137 celo
227 3078 331 3134 obiisse
348 3086 456 3136 constat
480 3078 522 3145 (v.
547 3085 618 3135 orat.
641 3099 666 3136 c.
689 3080 785 3153 Steph.
807 3098 835 3152 p.
857 3086 934 3150 1131,
954 3086 1022 3152 aa),
1043 3083 1072 3138 in
1092 3082 1149 3139 hac

142 3162 267 3221 oratioue
290 3162 456 3232 plusquam
478 3162 578 3234 viginti
600 3180 687 3220 annos
710 3169 775 3219 aute
802 3169 927 3221 mortuus
950 3180 1014 3222 esse
1037 3164 1149 3221 dicatur

143 3249 185 3321 (p.
196 3251 257 3307 952.
268 3233 517 3319 παρεληλυθότων
527 3235 601 3304 ἐτῶν
612 3241 700 3305 πλέον
710 3230 731 3318 ἢ
741 3241 879 3318 εἴκοσιν),
894 3248 1019 3320 sequitur
1030 3263 1087 3303 nou
1098 3244 1149 3303 ha·

143 3332 229 3387 hilam
249 3345 312 3385 eam
340 3345 405 3385 esse
435 3333 498 3383 ante
519 3328 623 3403 olymp.
646 3330 705 3400 107,
724 3335 750 3388 3.
784 3332 869 3386 Porro
892 3346 976 3401 quum
1004 3330 1148 3403 Callippus

143 3399 160 3467 ὃ
187 3410 246 3467 νῦν
267 3394 310 3468 τόν
335 3403 368 3467 ίν
391 3406 514 3490 Σικελία
544 3418 713 3471 memoretur
737 3429 765 3483 p.
791 3415 859 3479 960..
884 3411 1025 3486 Callippus
1053 3420 1149 3471 autem
