2340 3894
291 184 421 247 ΠΕΡΙ
442 184 542 246 ΤΟΥ
561 185 862 250 ΣΤΕΦΑΝΟΥ.
982 192 1045 258 275

81 362 157 438 ραῖς
167 344 249 433 μετά
260 354 329 413 τῶν
340 344 542 429 αὐτοχείρων
554 350 615 411 τού
626 344 751 432 φόνου,
765 351 864 434 δεῦρο
877 348 908 418 δ’
922 352 1044 420 ἐλθόν-

79 476 123 518 τα
132 452 311 532 τητᾶσθαι,
332 443 414 529 μηδὲ
432 449 472 529 τῇ
489 449 586 530 φωνῇ
598 446 757 529 δακρύειν
774 443 1042 535 ὑποκρινόμενον

78 545 145 634 την
164 551 301 613 ἐκείνων
319 543 440 629 τύχην,
462 539 546 607 ἀλλὰ
563 550 603 628 τῇ
624 551 712 629 ψυχῇ
722 552 910 630 συναλγεῖν.
943 557 1041 617 τούτο

81 642 113 712 δ’
128 642 245 728 έάρων
256 637 329 726 παρ’
344 641 473 716 ἑαυτοῖς
489 640 544 706 καὶ
556 639 628 724 παρ’
643 642 728 726 ἐμοὶ,
748 640 837 725 παρά
850 641 882 710 δ’
897 641 977 730 ύμῖν
988 645 1039 715 05.

28 741 137 818 5855
151 739 246 809 ταῦτ’
265 738 315 824 ἔμ’
336 736 588 824 ἐχειροτόνησαν
602 739 658 807 καὶ
675 737 736 825 ούχ
749 737 844 826 ὑμᾶς.
876 743 932 811 καὶ
948 742 1038 831 ούχὸ

79 843 144 930 μὲν
161 846 264 926 δῆμος
281 836 403 920 οὕτως,
426 840 460 904 οἱ
468 836 504 904 δὲ
521 845 588 904 τῶν
605 839 885 926 τετελευτηκότων
903 846 1040 929 πατέρες

78 943 138 1010 καὶ
149 937 287 1023 άδελφοὶ
299 941 333 1004 ολ
349 933 416 1004 ὑπὸ
427 945 489 1005 τού
505 936 614 1023 δήμου
632 936 703 1006 τόθ’
719 943 909 1024 αἱρεθέντες
920 941 1040 1022 έπλτάς

78 1034 189 1123 ταφάς
199 1033 308 1114 άλλως
318 1058 397 1118 πως,
410 1031 493 1102 ἄλλά
506 1037 583 1103 δέον
593 1050 701 1104 ποιεῖν
712 1036 834 1118 αύτούς
844 1038 881 1108 τό
894 1045 1038 1124 περλδειὲ

79 1161 169 1204 πνον
180 1132 225 1214 ὡς
241 1131 314 1214 παρ’
329 1134 517 1220 οἰκειοτάτῳ
529 1142 598 1201 των
613 1136 907 1224 τετελευτηκότων,
926 1136 1037 1223 άσπερ

78 1231 171 1304 πάλλ’
184 1242 284 1301 εἴωθε
295 1239 486 1317 γίγνεσθαι,
509 1229 599 1299 τοῦτ’
613 1236 770 1319 ἐποίησαν
788 1234 862 1318 παρ’
874 1238 954 1320 έμοί.
989 1242 1038 1304 ελ-

79 1335 200 1411 κότως·
222 1334 311 1418 γένει
327 1329 469 1417 μὲνγὰρ
489 1329 761 1420 ἕκαστοςὲκάστφ
778 1340 907 1418 μᾶλλον
918 1339 1037 1413 οἰκεῖος

79 1425 126 1518 ἦν
139 1435 339 1517 έμού,’κοινῇ
351 1430 386 1498 δὲ
397 1437 500 1497 πάσιν
511 1425 620 1508 ούδελς
630 1433 847 1517 ἐγγυτέρω·
835 1421 863 1494 ά
878 1432 942 1514 γάρ
953 1433 1037 1498 ἐκεί-

79 1524 619 1651 νουςσάθῆναικαλκατρρθωσαι
631 1529 771 1614 μάλιστα
793 1494 955 1648 διέφερεν,
974 1521 1097 1595 οἶά-888

76 1630 200 1708 τοςκαὶ
211 1624 424 1696 παθόντων“
403 1654 423 1693 α
440 1628 549 1713 μήποτ
551 1625 706 1712 ωφελον
716 1651 773 1713 της
785 1621 894 1711 υπδρ
877 1650 1036 1694 απαντων

79 1728 189 1815 λυπης
198 1735 354 1795 πλεῖστον
365 1741 520 1812 μετεῖχεν

28 1844 120 1902 189
163 1830 249 1912 Λεγε
261 1824 291 1895 δ
306 1823 397 1914 αύτω
408 1827 499 1893 τουτὶ
511 1851 548 1892 το
538 1822 780 1911 ἐπίγραμμα,
768 1851 786 1892 ο
782 1782 939 1909 δημοσία
952 1847 1036 1906 προ-

76 1921 218 1996 είλετο
200 1952 221 2011 η
239 1924 333 2001 πόλις
351 1921 464 2003 αὐτοις
481 1923 713 2046 έπιγράφαι,“
699 1921 737 1991 ον’
758 1949 772 1991 ε
775 1928 861 2012 δης,
884 1927 1035 2010 Αἰσχίνη,
1054 1929 1057 1935 ’

74 2027 134 2094 καλ
145 2020 236 2093 ἐν’
195 2030 287 2111 αυτῷ
297 2022 403 2112 τούτῳ
413 2021 539 2110 Ισαυτὸν
550 2021 730 2110 άγνάμονα
747 2025 801 2090 καὶ
819 2021 1034 2108 συκοφάντην

74 2123 159 2194 ὄντα
169 2121 364 2209 καλμιαρόν.
391 2125 479 2208 Λέγε.

421 2278 701 2341 ΕΠΙΓΡΑΜΜΑ

168 2418 240 2480 Οἵδε
250 2412 386 2517 πάτρας
374 2415 459 2479 ἕνεκα
468 2414 610 2517 σφετέρας
621 2414 661 2486 εἰς
673 2411 784 2492 δῆρινέ
782 2411 873 2471 ’θεντο

207 2496 293 2604 όπλα,
306 2525 356 2562 και
347 2492 536 2562 άντιπάλων
546 2493 635 2597 ύβριν
647 2490 859 2558 άπεσκέδασαν.

164 2607 348 2686 μαρναμενοι
359 2576 420 2646 δ
381 2606 505 2687 αρετης
516 2605 566 2643 και
556 2574 704 2683 λήματος
715 2573 771 2640 ούκ
783 2571 917 2640 ἐσάωσαν

184 2662 315 2774 ψυχάς,
328 2660 389 2729 άλλ’
399 2661 505 2745 Ἀΐδην
515 2658 617 2768 κρινόν
629 2665 732 2726 ἔθεντο
742 2664 850 2745 βραβῆ,

165 2748 287 2816 ούνεκεν
290 2746 449 2853 Ελληνων,
463 2743 548 2824 ὧς
510 2775 552 2854 μη
561 2741 650 2850 ζυγὸν
651 2739 781 2846 αὐχένι
774 2747 876 2818 θέντες

205 2832 387 2943 δουλοσύνης
398 2831 540 2934 στυγερὰν
552 2827 644 2912 άμφλς
656 2832 760 2911 ἔχωσιν
769 2825 884 2929 ύβριν.
913 2852 916 2856 ‘

115 2927 249 3023 γαῖα
247 2919 278 2982 δὲ
289 2920 397 3022 πατρὶς
404 2919 459 2998 ἔχει
475 2913 593 2988 κόλποις
606 2938 665 2976 των
675 2921 795 2975 πλεῖστα
806 2906 961 2991 καμόντων

192 2997 330 3108 σωματ’,
342 3003 401 3064 έπεὶ
412 3007 534 3080 θνητοῖς
546 3000 577 3061 ἐκ
589 2991 662 3071 Διὸς
673 2993 725 3075 ηδε
737 2999 844 3078 κρίσις·

164 3080 285 3169 μηδὲν
271 3092 414 3169 αμαρτεῑν
427 3083 486 3146 ἐστι
496 3091 570 3145 θεοῦ
589 3080 640 3143 καὶ
651 3076 750 3141 πάντα
761 3084 940 3163 κατορθοῦν,

207 3171 335 3256 ένβιοτῇ
346 3192 453 3251 μοιραν
464 3159 493 3228 δ
506 3163 541 3228 05
552 3189 579 3226 τι
593 3170 700 3244 φυγεῖν
712 3164 823 3246 ἔπορεν.

28 3303 238 3392 χιρἈκούεις,
252 3310 408 3388 Αλσχινη,
427 3327 482 3368 και
472 3301 529 3367 ἐν
545 3295 634 3387 αύτῷ
645 3296 752 3387 τούτῳ
763 3291 897 3382 μηδὲν
878 3306 1035 3378 αμαρτεῖν
1103 3346 1119 3375 ,4.

75 3407 147 3475 ἐστι
155 3408 244 3472 θεον
261 3404 316 3470 καὶ
327 3400 435 3469 πάντα
446 3365 655 3484 κατορθούνς
675 3421 717 3464 ου
726 3421 772 3485 τω
756 3391 963 3544 σνρξουλμ
973 3417 1035 3478 την
