2340 3894
444 196 713 261 cuntorlllrrucn.
1032 213 1088 257 xer

69 359 211 437 Rhegium
231 363 412 436 occupaverit
435 365 540 436 olprnp.
568 367 628 434 107,
651 373 678 425 2.
707 367 840 423 archonte
872 368 1010 425 Thessalo
1039 365 1084 433 (v-

67 443 183 501 Diodor.
211 449 256 510 16,
267 449 327 517 ts.)
341 453 372 502 et
391 448 486 517 paullo
507 454 572 520 post
597 451 709 505 occisus
733 451 770 505 ibi
788 452 824 507 sit
844 452 926 518 (Plut
946 454 982 508 V
1000 451 1083 509 Dion.

68 532 149 586 ebs.
169 515 293 602 Ρήηιον
302 524 450 603 κατέσχεν,
465 523 531 586 ἐκεῖ
544 524 576 587 δὲ
562 524 704 607 ὲλοπρῶς
715 548 853 608 πρατταν
871 521 1083 614 -ἇνηρίθηλ

68 604 249 667 manifestum
274 619 320 673 est
343 615 495 669 orationem
518 614 591 671 hanc
612 630 668 671 non
693 632 779 688 posse
795 617 917 674 habitam
941 619 1036 673 credi·
1038 635 1085 675 se·

69 696 126 751 rius
137 702 224 765 quarn
240 697 346 769 olymp.
369 702 429 766 107,
441 702 467 757 3.
480 697 614 754 archonte
626 700 809 770 Apollodoro,
826 696 881 772 qno
894 707 1020 772 tempore
1033 701 1084 757 nd·

68 777 144 835 huo
136 794 167 833 ιιι
186 779 264 835 vivis
282 786 342 836 erat
356 781 511 852 Callippus.

151 867 182 919 4.
206 862 355 934 Orationes
379 863 563 958 Olynthiacae
585 871 653 920 tres.
678 865 880 958 Dipnysiusp.
905 869 965 929 726
985 859 1036 923 ἕπί
1051 861 1086 925 δὲ

68 931 272 1041 Καλλιμάχου,
288 963 342 1002 τοο
328 943 453 1022 τρίτου
463 963 544 1043 μετα
522 933 697 1003 Θίσσαλον
705 936 863 1045 ἄρξαντος,
876 951 955 1047 τρεῖς
968 944 1085 1007 delibero

69 1016 318 1127 δημηγορικους,
333 1027 515 1104 παρακαλῶν
536 1018 717 1104 Ἀθηναίους
742 968 911 1106 βοήθειανρ
914 1022 1085 1102 Ὀλυνθίοις

67 1100 243 1195 ᾆποατεῐλαι
265 1113 330 1180 τοῖς
351 1106 590 1210 πολεμουμένοις.
631 1116 697 1170 Post
725 1131 797 1186 quae
821 1119 904 1172 trium
926 1120 1085 1177 orationum

69 1196 199 1252 ordInem
215 1195 347 1268 designat
354 1199 496 1270 'appositis
508 1198 604 1268 primis
621 1199 756 1269 cujusque
767 1201 870 1267 verbis,
883 1207 910 1256 et
921 1203 958 1257 ite
970 1202 1085 1275 quidem

69 1286 97 1336 ut
106 1295 184 1350 quae
198 1295 272 1336 nune
288 1281 379 1350 prima
399 1287 442 1337 est
456 1282 550 1345 tertia,
555 1282 654 1351 tertia
673 1282 814 1348 secunda,
841 1284 966 1341 secunda
991 1291 1085 1343 autern

69 1365 160 1436 prima
171 1362 222 1418 liat
239 1366 338 1432 oratio,
366 1365 443 1434 quod
457 1381 514 1419 non
535 1380 619 1433 casu,
635 1363 686 1417 sed
702 1366 819 1420 consilio
842 1367 945 1421 lactum
962 1384 1026 1423 esse
1048 1370 1085 1423 ab

69 1447 210 1518 Dionysio
234 1452 351 1519 apparet
367 1463 403 1503 ex
416 1447 522 1504 scholio
541 1447 577 1501 ad
593 1447 700 1501 initium
726 1449 861 1505 orationis
884 1449 1027 1505 secundae
1050 1454 1085 1505 ab

70 1546 113 1587 me
130 1531 257 1603 primum
279 1529 354 1586 edito
377 1533 435 1587 vol.
446 1535 474 1589 8.
492 1548 518 1601 p.
535 1533 577 1598 71,
595 1537 620 1588 1.
646 1530 692 1586 ubi
707 1529 845 1587 Caecilius
862 1537 959 1588 contra
979 1532 1085 1604 Diony·

69 1615 102 1671 sii
124 1613 307 1684 opinionem,
331 1629 414 1684 quarn
436 1615 461 1669 is
478 1615 533 1669 alio
557 1615 620 1669 loco
645 1615 818 1684 argumentis
840 1615 1085 1687 quibusdam-pro·

70 1698 138 1753 bare
152 1695 312 1766 studuerat,
330 1697 493 1768 disputasse
505 1697 614 1764 diritur,
630 1702 658 1750 et
672 1703 747 1752 recte
760 1696 884 1769 quidem,
902 1714 987 1769 quum
1006 1705 1085 1754 extra

71 1779 276 1837 dubitationem
295 1781 418 1851 positum
438 1780 538 1836 haberi
566 1781 657 1850 possit
671 1785 728 1834 tres
742 1780 796 1836 has
809 1781 953 1859 orationes
963 1798 1003 1837 eo
1016 1797 1086 1839 esse

69 1862 171 1919 ordine
192 1862 306 1919 habitas
327 1866 362 1920 ab
382 1863 571 1931 Demosthene
593 1879 647 1934 quo
663 1879 737 1919 nunc
759 1865 882 1921 inlibris
901 1867 1086 1922 omnibusla-

70 1954 191 2020 gontut,
213 1944 252 2002 de
273 1961 329 2016 quo
345 1962 373 2003 v
396 1954 468 2018 quae
485 1948 514 2003 in
527 1948 739 2018 Prolegourenis
758 1947 889 2004 editionis
907 1949 998 2006 Oxou.
1011 1948 1087 2006 dicta

71 2036 137 2088 sunt
148 2031 208 2087 vol.
222 2035 248 2087 6.
260 2046 288 2100 p.
300 2032 327 2089 7.
339 2045 419 2101 seqq.

154 2113 228 2169 Huic
249 2128 323 2167 anno
345 2113 428 2169 etiarn
448 2114 602 2172 orationem
624 2119 721 2170 contra
746 2113 904 2186 Philippum
930 2117 1049 2187 primam
1068 2132 1087 2171 a

25 2198 28 2203 '
69 2195 242 2270 quibusdam
256 2196 427 2267 adscriptam
439 2212 504 2252 esse
519 2213 605 2268 supra
615 2196 714 2268 dixip.
734 2196 906 2253 LXXXVIII.

156 2279 287 2351 Denique
312 2279 505 2351 Dionysius
481 2297 507 2334 er
522 2279 674 2350 adscripsit
687 2281 842 2335 orationem
852 2279 1021 2335 Midianam·
1049 2279 1086 2335 de

69 2380 126 2437 quo
138 2378 239 2419 errore
255 2363 376 2418 dixImus
392 2365 443 2419 sub
461 2364 566 2434 olymp.
579 2367 640 2431 106,
658 2367 685 2420 4.

149 2446 225 2502 Post
236 2447 342 2517 olymp
355 2449 414 2513 107,
425 2450 453 2502 2.
465 2444 561 2500 habita
572 2460 637 2499 esse
647 2444 761 2514 fingitur
772 2445 861 2498 oratio
874 2443 970 2513 spuria
984 2443 1087 2514 (XIII.)

72 2521 151 2600 Περί
163 2518 348 2598 ουνταξευς
363 2536 393 2584 ut
410 2534 487 2600 patet
500 2544 576 2600 exp.
591 2531 652 2595 168,
672 2532 726 2594 15..
742 2528 788 2583 ubi
799 2524 972 2583 Rhodiorum
989 2525 1088 2582 demo·
1132 2558 1135 2565 ·

71 2613 160 2669 cratia
191 2613 301 2669 sublata
330 2617 512 2668 memoratur.
550 2611 625 2669 Satis
648 2610 800 2683 prudenter
828 2609 922 2702 igitur
936 2607 1088 2667 scholiasta
1148 2659 1150 2663 .

73 2704 100 2766 11.
115 2700 182 2757 216.
197 2682 295 2792 ὅπερλ
306 2684 471 2764 συντάξεως
486 2684 572 2769 λόγος
589 2682 647 2749 οὐκ
661 2687 720 2787 ἔχει
735 2688 879 2787 προφανῆ
893 2676 946 2747 τὸν
965 2683 1093 2787 χρόνον,

73 2768 203 2835 τίκιὶσειι
220 2765 293 2833 d’''
270 2797 311 2835 αν
326 2795 370 2847 τις
387 2767 480 2834 αὐτὸν
496 2762 703 2875 είρῆσθαιπρὸ
724 2773 785 2832 τῶν
796 2763 1029 2871 personandos
1012 2792 1088 2847 αφε-

73 2852 229 2957 anseisus
247 2855 303 2935 μὲν
318 2848 432 2933 ηθη
390 2877 450 2917 των
459 2852 665 2958 ,συμμάχων’
641 2849 761 2915 Ῥοδίαν
775 2852 807 2917 δὲ
817 2847 920 2935 ὀλιγαρ
938 2853 1088 2933 νομένων·

74 2930 148 3002 ὅστε
172 2932 240 3001 ὅσοι
266 2956 479 3001 ουνταττοοσιν
500 2962 592 3001 αοτον
614 2944 676 3010 τοῖς
704 2938 899 3011 Φιλιππικοῖς
920 2877 1090 3022 hyosciamon

73 3015 256 3098 παντελῶς”
238 3045 287 3084 οτι
297 3046 359 3084 ταν
370 3026 564 3084 Φιλιππικῶν
578 3020 639 3083 ἔστι
649 3020 881 3101 προγενέστερος.

147 3111 322 3207 Olympiadi
338 3113 399 3171 107.
408 3113 593 3209 probabiliter
608 3110 775 3167 adscribitur
793 3112 883 3167 oratio
899 3110 994 3180 (1111)
1014 3124 1090 3184 προς
1127 3130 1129 3134 ’

77 3184 285 3271 Νικόστρατον
296 3182 442 3271 περλθῶν
456 3183 650 3270 Ἀρεθουσίου
668 3179 883 3269 ἀνδραπόδων,
907 3190 1090 3249 Demostheni

78 3280 112 3335 ab
125 3280 296 3351 quibusdam
311 3274 485 3376 abiudicata.
510 3279 587 3335 unde
606 3277 850 3349 Harpocratio(s.
871 3293 899 3332 v.
913 3260 1090 3367 ἀπογραφη)

78 3376 139 3419 eam
153 3363 251 3419 citavit
265 3361 363 3418 addito
375 3348 428 3417 “al
445 3348 608 3437 γνήσιος”,
623 3360 699 3433 quod
714 3363 807 3417 omisit
823 3355 1090 3450 ηου111ιοιοΙῑίεἰ-ιι

80 3446 158 3504 locis.
186 3447 218 3504 lo
232 3446 287 3504 hac
305 3446 431 3503 oratione
449 3462 480 3519 p
507 3449 583 3516 1247,
599 3449 626 3505 6.
642 3440 755 3517 legati
748 3460 777 3499 ιιι
792 3441 917 3503 Siciliam
928 3438 1010 3494 missi
1032 3453 1092 3493 me·
