2340 3894
135 208 178 275 54
360 213 396 270 V.
413 205 855 270 ’ΔΗΜΟΣΘΕΝΟῬΣ

136 375 168 440 εί
180 367 246 456 γὰρ
262 366 308 454 μή
324 375 478 453 παρῆλθε
495 373 674 452 Φίλιππος,
696 362 849 433 οῦδὲνᾶν
860 362 975 443 αῦτοτς
985 363 1098 432 ἐδόκει

137 470 239 536 πλέον
260 465 354 534 εἶναι.
393 474 499 532 ταῦτα
520 463 553 532 δ’
565 463 628 533 οῦκ
652 464 842 552 ἐβούλοντο,
863 465 949 533 ἄλλα
967 471 1017 553 τῶ
1033 463 1097 531 τὸν

135 563 334 652 Ὀρχομενόν
348 569 405 632 καλ
420 562 483 650 τήν
497 565 692 649 Κορώνειαν
707 571 823 650 λαβεῖν
838 565 1027 649 ἐπιθυμεῖν,
1049 560 1096 648 μή

95 683 130 738 22
140 665 309 734 δύνασθαι
321 664 373 747 δὲ,
391 663 500 746 πάντα
509 659 607 729 ταῦδί
621 659 812 747 ὑπέμειναν.
847 667 1015 729 Φίλιππον
1025 668 1098 728 τοί·-

138 763 301 841 ννντινὲς
312 761 373 847 μὲν
385 761 494 846 δήπου
504 767 649 846 τολμῶσι
665 762 775 844 λέγειν
793 755 838 838 ῶς
848 756 920 827 οῦδ
936 757 1095 846 ἐβούλετο

138 866 294 950 Θηβαίοις
301 855 503 943 Ὀρχομενόν
512 860 567 926 καὶ
578 859 774 941 Κορώνειαν
784 862 1010 944 παραδοῦναι,
1022 855 1093 925 ἀλλ’

136 958 351 1046 ήναγκάσθη·
373 956 438 1041 ἐγῶ
454 959 490 1024 δὲ
504 957 635 1036 τούτοις
649 957 712 1043 μὲν
721 960 891 1041 ἐρρῶσθαι
901 961 998 1044 λέγω,
1010 957 1097 1025 ἐκελ-

136 1086 177 1128 νο
189 1057 225 1126 δὲ
246 1054 323 1139 οἷδ’,
336 1055 388 1123 ὅτι
404 1053 446 1123 οῦ
458 1057 588 1142 μᾶλλόν
603 1081 642 1140 γε
658 1055 748 1123 ταῦτ’
760 1063 876 1142 ἔμελεν
895 1055 986 1147 αῦτρῦ
1003 1051 1028 1142 ἢ
1036 1052 1097 1135 τὰς

139 1155 310 1241 παρόδους
321 1162 435 1240 λαβεῖν
452 1153 607 1240 ἐβούλετο
618 1157 674 1222 καὶ
684 1155 746 1240 τήν
763 1155 864 1235 δόξαν
874 1163 936 1222 τοῦ
946 1158 1096 1240 πολέμου

139 1260 201 1323 τοῦ
216 1257 329 1321 δοκεῖν
348 1250 385 1320 δι’
400 1250 506 1320 αὑτὸν
523 1259 635 1332 κρίσιν
645 1256 833 1339 εἰληφέναι,
856 1256 912 1322 καὶ
927 1253 968 1321 τά
979 1255 1098 1322 Πύθια

96 1363 251 1425 λδδείναι
263 1349 300 1420 δι’
314 1349 435 1420 αὑτοῦ·
446 1353 501 1421 καλ
512 1350 601 1420 ταῦτ’
607 1345 652 1439 ήν
663 1345 711 1421 ῶν
716 1350 841 1439 μάλιστ’
850 1357 999 1438 ἐγλίχετο.
1014 1361 1099 1420 Θετ-

138 1454 231 1521 ταλοὶ
242 1457 279 1519 δέ
285 1478 324 1538 γε
337 1448 480 1536 οὐδέτερ’
497 1449 678 1537 ἐβούλοντο
689 1450 829 1533 τοῦτον,
839 1451 918 1519 οῦτε
929 1457 1100 1537 Θηβαίους

138 1549 216 1620 οῦτε
226 1549 287 1620 τόν
297 1559 465 1620 Φίλιππον
476 1552 581 1635 μέγαν
600 1557 778 1635 γίγνεσθαι
794 1558 912 1636 (ταῦτα
922 1548 989 1635 γὰρ
999 1546 1095 1616 πάντ’
1110 1573 1112 1576 ·

137 1647 187 1736 ἐφ’
201 1647 340 1728 ἑαυτοῦς
350 1647 495 1736 ήγοῦντο
507 1647 616 1733 εἶναι)
632 1656 691 1734 τῆς
701 1655 842 1726 πυλαίας
855 1645 886 1714 δ’
899 1647 1099 1734 ἐπεθύμουν

139 1744 195 1818 καὶ
205 1757 273 1817 τῶν
285 1752 321 1816 ἐν
330 1755 487 1834 Δελφοῖς,
496 1746 791 1833 πλεονεκτημάτων
802 1751 909 1831 δυοιν,
916 1747 1028 1832 κύριοι
1040 1772 1098 1831 γε·
1106 1760 1140 1814 63

34 1913 38 1920 ,
138 1850 276 1916 νίσθαι·
293 1855 341 1935 τῷ
352 1846 388 1914 δὲ
399 1846 528 1913 τούτων
537 1853 712 1930 γλίχεσθαι
722 1844 801 1912 τάδε
812 1850 1096 1931 συγκατέπραξαν.

140 1951 208 2013 τῶν
216 1950 332 2013 τοίνυν
344 1948 439 2010 ἰδίων
450 1941 530 2028 ἕνεχ’
543 1941 700 2031 εὑρήσετε
718 1946 861 2012 ἕκαστον
871 1945 978 2012 πολλά
989 1969 1098 2032 προη-

139 2032 262 2128 γμένον
273 2033 322 2109 ῶν
332 2038 433 2108 οῦδὲν
448 2042 603 2128 ἐβούλετο
615 2048 744 2129 πρᾶξαι.
772 2051 873 2111 τοῦτο
895 2047 1026 2131 μέντοι,
1044 2044 1099 2114 ὅτι

138 2140 293 2210 τοιοῦτόν
303 2142 380 2226 ἐστι,
392 2144 583 2227 φυλακτέον
592 2138 680 2228 ἡμῖν.

94 2248 130 2302 24
226 2239 273 2307 Τά
285 2239 488 2328 κελευόμενα
499 2237 586 2328 ήμῦς
597 2240 662 2328 άρα
673 2245 952 2310 δείποιελνταῦτα
963 2249 1099 2328 φοβου-

137 2344 275 2427 μένουςς
285 2343 341 2409 καὶ
351 2338 394 2408 σῦ
403 2348 510 2408 ταῦτα
520 2341 681 2419 κελεῦειςς
691 2347 820 2408 πολλοῦ
828 2343 928 2424 γεκαὶ
939 2344 1011 2408 δέω.
1024 2338 1097 2410 ἀλλ’

139 2438 183 2520 ῶς
203 2439 281 2509 οῦτε
304 2439 474 2527 πράξομεν
495 2438 597 2507 οὐδὲν
617 2436 755 2518 ἀνάξων
773 2435 1004 2526 ήμῶναῦτῶν
1026 2437 1096 2506 οῦτ’

138 2545 228 2609 ἔσται
239 2540 391 2624 πόλεμος,
403 2546 489 2606 νοῦν
500 2537 535 2606 δὲ
553 2538 693 2624 δόξομεν
709 2541 910 2626 τάσινέηειυ
924 2540 981 2605 καλ
990 2533 1031 2604 τά
1044 2541 1098 2605 δί-

137 2664 215 2706 καια
225 2641 345 2722 λέγειν,
355 2633 441 2705 τοῦτ’
455 2634 545 2721 οἶμαι
556 2641 627 2704 δεῖν
637 2649 756 2712 ποιεῖν,
776 2635 859 2720 πρὸς
870 2635 1098 2720 δὲτοῦςδρα-

138 2740 221 2814 σέας
230 2732 346 2803 ὁτιοῦν
357 2737 530 2820 οἰομένους
545 2733 726 2820 ὑπομένειν
738 2738 807 2801 δεῖν
817 2738 871 2801 καὶ
884 2733 929 2819 μή
940 2757 1097 2820 προορω-

137 2835 259 2919 μένους
268 2831 328 2900 τὸν
338 2832 486 2917 πόλεμον
496 2835 605 2900 ἐκεῖνα
610 2833 775 2919 βούλομαι
781 2841 990 2917 λογίσασθαι.
1005 2830 1098 2918 ἡμεῖς

138 2936 305 3016 Θηβαίους
316 2931 422 3016 ἐῶμεν
432 2933 515 3015 ἔχειν
522 2927 695 3014 Ὠρωπόν·
709 2934 770 2999 καί
777 2941 810 3000 εἰ
815 2957 864 3010 τις
880 2936 986 3017 ἔροιτο
996 2929 1096 3018 ἡμᾶς,

138 3025 298 3108 κελεύσας
318 3033 422 3097 εἰπεῖν
444 3025 592 3116 τάληδή,
616 3028 670 3097 διά
686 3037 721 3098 τί
724 3059 732 3109 ;
753 3035 809 3097 ἴνα
824 3030 869 3118 μή
888 3040 1097 3119 πολεμῶμεν,

96 3149 130 3204 νο
140 3141 262 3215 φαίμεν
273 3126 324 3196 ἄν.
348 3129 402 3196 καὶ
415 3135 567 3219 Φιλίππῳ
580 3131 657 3197 νυνὶ
670 3130 755 3198 κατὰ
766 3127 824 3208 τάς
834 3131 1011 3217 συνθήκας
1019 3129 1098 3218 Ἀμ-

139 3229 306 3316 φιπόλεως
322 3229 664 3314 παρακεχωρήκαμεν,
685 3231 742 3297 καὶ
757 3230 970 3315 Καρδιανοῦς
988 3234 1099 3316 ἐῶμεν

138 3333 199 3408 ἔξω
211 3333 466 3415 Χερρονησιτῶν
475 3335 545 3395 τῶν
556 3327 850 3414 άλλωντετάχῦαι,
862 3330 988 3397 καὶτὸν
996 3334 1099 3416 Κᾶρα

138 3427 196 3508 τὰς
212 3427 338 3517 νήσους
353 3427 732 3512 ααταλαμβάνειν,·Κίον
747 3427 803 3495 καὶ
813 3432 895 3496 Κῶν
905 3430 962 3496 καλ
971 3424 1098 3517 Ῥόδον,
