2340 3894
127 204 212 245 mxxx
510 184 765 245 CHRONOLDGIA
792 258 795 263 ‚

128 371 196 428 pere
220 356 255 409 ab
281 370 315 408 eo
346 354 497 425 expetitam
520 370 601 421 osse,
633 368 717 424 quam
746 370 851 425 genere
874 352 988 409 dicendi
1013 370 1085 410 usus
1106 356 1141 411 sit

62 444 70 455 “
129 441 214 510 longa
241 437 366 493 diverso.
414 438 587 507 Quamquam
618 453 674 492 non
703 453 840 508 negamus
874 437 1026 508 diligenter
1053 439 1141 494 lectas

78 564 82 569 -
128 525 165 579 ab
182 520 371 576 Demosthene
392 537 457 577 esse
477 521 609 576 isocratis
632 521 789 591 orationes,
812 520 1050 592 quemadmodum
1071 523 1141 577 alio·

130 623 190 662 rum
205 607 345 661 clarorum
362 605 529 677 scriptorum
545 620 632 674 opera
653 605 796 673 lectitavit,
812 612 841 660 ut
855 604 968 659 dicendi
980 606 1141 661 securitatem

30 725 36 731 ‚
129 689 368 746 suam-excoleret
388 695 416 742 et
436 687 472 742 ad
491 689 625 757 majorem
648 689 850 759 perlectionem
867 688 1022 744 adduceret
1030 691 1066 759 ⁸).
1098 690 1142 745 lix

128 790 185 846 quo
199 780 292 829 tamen
307 787 364 826 non
379 764 503 843 sequitur
520 777 566 826 aut
575 772 716 843 magistris
731 773 786 827 iilis
801 789 883 828 usum
898 789 964 828 esse
975 771 1142 828 Demosthe·

130 875 194 915 nem
212 862 258 912 aut
279 856 383 926 scripta
405 871 502 911 eorum
522 855 623 909 imitari
642 857 817 937 prepositum
841 855 993 924 hahuisse,
1010 855 1089 929 quod
1106 855 1141 911 de

25 981 29 987 -
129 933 338 1012 Thucydidel),
364 955 446 1010 quem
464 940 492 992 in
508 940 601 995 multis
620 940 774 995 orationum
796 956 911 995 suarum
931 940 1003 995 locis
1019 940 1141 995 imitatus

129 1027 167 1081 sit
180 1011 391 1094 Demosthenes,
406 1025 525 1096 probare
539 1023 708 1078 'studuerunt
720 1023 874 1095 Dionysius
886 1023 915 1076 in
932 1024 968 1079 iis
984 1038 1057 1093 quae
1073 1016 1141 1098 crept

129 1104 184 1163 rod
199 1096 392 1162 Θουκοόόδοο
409 1101 594 1180 χαρακτῆρος
615 1124 644 1178 p.
665 1111 727 1165 944.
746 1122 809 1177 sqq.
831 1112 858 1160 et
881 1099 950 1180 ιιερί
972 1103 1028 1178 τῆς
1048 1105 1142 1161 λεκτι-

130 1187 188 1263 κῆς
203 1184 417 1263 Δημοσθένους
430 1179 595 1262 δεινότητος
611 1207 640 1261 p.
657 1192 720 1250 976.
737 1207 798 1262 sqq.
815 1191 929 1261 scripsit
943 1196 1010 1261 post
1020 1204 1141 1263 eumque

133 1318 140 1323 .
145 1315 336 1324 -....--—-—--

130 1369 182 1436 τῆς
200 1370 373 1434 φιλοσοφίας
397 1368 446 1421 aul
464 1370 515 1436 τῆς
538 1369 685 1435 πολιτικῆς
708 1363 810 1434 ἀρετῆς
832 1362 928 1427 πόθος
944 1371 1140 1423 Demosthenem

130 1440 409 1522 duxeritpadjungere
430 1456 480 1491 noo
502 1440 628 1490 dubitavit
645 1439 887 1521 Pseudo·hueianus
909 1441 936 1487 in
954 1439 1075 1489 Eucomio
1091 1439 1141 1489 De·

131 1508 470 1639 moatpprpecfflotspfimm’
495 1591 572 1638 quum
597 1591 630 1625 ex
651 1586 765 1641 tempore
787 1575 889 1625 dicendi
911 1574 1034 1625 facultate
1057 1576 1144 1625 minas

133 1647 242 1705 valeret,
265 1660 316 1695 non
337 1646 412 1696 facile
436 1645 515 1694 verba
533 1645 635 1709 publice
653 1645 746 1695 iecisse
764 1645 815 1693 nisi
834 1645 899 1695 bene
915 1644 1066 1694 meditatum
1082 1658 1140 1695 ora·

27 1768 30 1773 ,
132 1716 294 1777 tionibusque
312 1715 448 1780 diligenter
472 1712 608 1764 elaboratis
628 1740 662 1749 —
680 1714 748 1776 quod
768 1714 800 1762 de
817 1713 931 1764 oratione
951 1713 1067 1763 Midiana
1083 1714 1140 1777 ipse

131 1783 271 1834 concedere
288 1785 389 1834 videtur
408 1783 554 1832 adversario
573 1783 598 1844 S.
615 1782 674 1834 191.
694 1797 721 1846 p.
741 1782 800 1832 bib.
824 1807 860 1818 ·-
885 1778 1004 1848 pluiibus
1028 1783 1141 1831 samarit

134 1852 282 1903 Plutarchus
301 1854 327 1901 iu
344 1853 405 1901 Vita
422 1867 445 1903 o.
465 1851 490 1901 8.
528 1852 613 1914 ipsius
632 1851 808 1901 Demosthenis
825 1850 858 1900 de
876 1866 904 1900 se
923 1850 1066 1906 dicterium,
1083 1864 1152 1901 ora-.

133 1930 214 1971 torem
232 1936 261 1969 se
284 1919 379 1970 factam
403 1935 459 1968 esse
477 1932 507 1968 eo
531 1920 599 1980 quod
618 1920 677 1984 plus
696 1919 745 1970 olei
762 1934 839 1982 quum
856 1921 910 1968 vini
928 1920 1138 1984 consumpsisset,

133 2002 168 2038 ex
191 1988 336 2037 Aristotelis
359 1986 477 2051 Χρείαις
500 1997 623 2053 memorat
645 1988 757 2038 loannes
775 1986 898 2038 Stobaeus
922 1987 991 2041 Flor.
1016 1988 1061 2051 20,
1084 1987 1137 2050 tto,

133 2055 219 2106 simile
242 2048 353 2120 Pytheae
378 2057 486 2106 oratoris
510 2056 624 2106 dicteriis
647 2058 674 2106 in
695 2056 891 2107 Demosthenem
919 2047 1139 2120 ὑδροποτοῦντοι

133 2119 182 2173 aut
196 2123 373 2188 μεριμνῶντα
389 2119 440 2181 τὰς
459 2115 562 2189 νύκτας
581 2134 605 2174 et
622 2116 820 2190 ἐνθυμήμασιν
837 2133 948 2174 utentem
965 2123 1051 2176 oleum
1070 2124 1138 2175 oleu-

133 2193 216 2254 tibus,
235 2194 306 2258 apud
326 2193 486 2245 Plutarchum
504 2192 557 2246 Vit.
582 2209 605 2242 ο.
624 2193 660 2254 8.,
679 2193 796 2259 Compar.
818 2193 947 2246 Demosth.
967 2200 992 2243 et
1009 2191 1138 2244 ciceronis

42 2291 46 2299 «
133 2277 157 2311 ο.
173 2264 207 2322 4,,
226 2263 315 2316 Moral.
332 2279 359 2329 p.
377 2264 438 2316 802.
454 2263 493 2326 ia,
514 2262 671 2312 Athenaeum
689 2264 714 2316 2.
734 2278 759 2328 p.
779 2266 822 2315 44.
842 2264 879 2321 F„
898 2262 1035 2311 Aelianum
1053 2263 1086 2316 V.
1106 2260 1136 2311 ii.

134 2332 159 2386 7,
181 2333 217 2387 7..
240 2331 500 2382 Pseudo-Luciauum
525 2333 628 2382 Eucom.
654 2332 727 2382 Dem.
753 2346 776 2384 c.
801 2331 852 2392 15„
875 2331 1011 2381 Libanium
1033 2330 1060 2379 in
1081 2330 1139 2381 Vita

134 2415 160 2464 p.
179 2402 217 2459 4.,
239 2400 355 2463 adquae
376 2400 466 2451 alludit
484 2400 571 2451 Cicero
599 2403 675 2453 Tusc.
699 2401 801 2459 Quaest.
827 2403 853 2462 4,
878 2398 919 2458 19,
944 2401 990 2450 44.
1019 2399 1068 2450 Oet
1090 2414 1137 2448 ιιοιι

132 2475 192 2518 sunt
214 2469 316 2520 cuddae
338 2470 508 2520 Demosthenis
527 2470 647 2532 cipitiue?
671 2470 714 2533 qai
730 2469 815 2518 dolere
833 2483 861 2518 se
875 2468 977 2530 ajebat,
997 2468 1138 2533 siquando

131 2539 244 2599 opistcmt
266 2540 415 2588 antelucana
435 2540 512 2586 victas
532 2545 599 2586 esset
615 2539 747 2586 industrio.
784 2537 923 2587 Lucernam
941 2536 1137 2587 Demosthenem

133 2619 261 2666 nunquam
280 2607 418 2655 extinxisso
440 2620 520 2666 usque
543 2604 576 2653 ad
599 2619 692 2654 anniam
713 2607 802 2654 aetatis
821 2606 1062 2671 quinquagesimum
1086 2605 1137 2670 pri·

134 2674 210 2722 vatim
233 2682 388 2738 compertum
407 2672 496 2721 habuit
520 2671 645 2723 fabulator
663 2690 704 2737 ap.
729 2674 919 2727 Pseudo-Pina.
939 2688 964 2738 p.
982 2672 1044 2724 844.
1064 2672 1092 2723 (l.

201 2739 230 2804 b)
247 2741 365 2791 Studium
383 2741 414 2790 ab
433 2741 601 2790 Demosthene
620 2745 646 2791 in
664 2743 821 2804 Thucydidis
839 2743 947 2793 historia
961 2744 1074 2806 positum
1093 2740 1136 2792 ab·

133 2811 212 2861 surde
230 2817 415 2875 exaggeranmt
431 2809 568 2874 biographi
586 2811 696 2871 quidam.
733 2810 777 2860 Sic
798 2811 993 2861 Demosthenem
1009 2811 1137 2874 Thucydi·

134 2878 175 2928 dis
197 2877 331 2928 historiam
346 2879 425 2929 octies
447 2893 494 2927 sua
516 2879 598 2942 ipsius
615 2894 691 2928 mann
714 2880 882 2944 descripsisse
901 2879 1029 2930 iabulatur
1047 2878 1135 2928 Lucia·

133 2960 181 2995 nue
199 2948 226 2995 iu
243 2946 330 2998 libello
349 2955 435 2998 eontra
453 2948 581 2996 indoctum
597 2946 675 2997 libros
693 2948 785 2998 multos
807 2956 931 2996 aureatam
950 2963 973 2999 c.
995 2949 1022 2999 4.
1058 2946 1136 3012 Cujus

133 3019 268 3064 commenti
286 3016 466 3067 absurditatem
485 3016 560 3082 louge
578 3018 708 3081 superavit
726 3018 748 3065 is
767 3033 799 3066 cx
822 3031 870 3078 quo
890 3017 1008 3067 Zosimus
1032 3016 1060 3064 iu
1075 3016 1137 3066 Vita

129 3098 161 3148 p.
186 3083 226 3142 19,
245 3086 288 3136 22.
312 3085 377 3134 haec
399 3085 526 3150 prodidit,
550 3073 640 3142 οὕτως
657 3078 762 3148 λέγεται
784 3078 835 3151 τὸν
857 3079 1044 3146 Θουκυδίδην
1060 3075 1137 3146 iace·

134 3143 295 3215 poihqae'voti
316 3142 387 3203 (dore
408 3145 551 3217 φέρεσθαί
567 3171 594 3204 τι
617 3151 749 3203 τοιοῦτον
777 3147 841 3215 περὶ
864 3148 968 3216 αὐτοῦ,
995 3140 1040 3201 ὅτι
1066 3144 1136 3201 ποτὶ

134 3218 248 3284 walone
265 3216 316 3284 τῆς
328 3215 520 3338 ἒιβλιοθήνιις
538 3212 568 3271 ἐν
581 3215 715 3302 ’advivam
728 3216 776 3270 καί
794 3218 968 3285 σογιιαεισιὸν
985 3216 1045 3269 ταῖν
1061 3212 1137 3269 loro-

133 3287 204 3369 (νηῶν
231 3286 327 3339 &cotto
347 3287 413 3340 ldoo
441 3304 529 3340 αατον
560 3305 650 3354 μονον
682 3287 933 3354 απομνημονεῦσαι
962 3285 1064 3337 πασῶν
1089 3280 1137 3336 ναὶ

56 3378 58 3383 >
134 3356 448 3424 ουτοςμεταγραφῆναι
463 3356 590 3423 ποιῆσαι.
626 3359 696 3418 Quae
709 3359 768 3425 plus
783 3374 859 3422 quom
873 3357 1022 3409 Simonidea
1039 3363 1078 3407 eet
1098 3357 1136 3406 vis

134 3430 279 3480 memoriae.
