2340 3894
278 224 405 290 ΠΕΡΙ
438 229 540 290 ΤΟΥ
568 228 865 293 ΣΊἘΦΑΝΟΤ.
984 231 1048 296 245
1164 258 1169 271 ·

77 389 248 476 ·“πλή’ξαι,
267 384 312 455 ἵν’
335 383 359 472 ή
379 385 617 472 συγχωρήσωσι
637 391 843 474 φοβηθέντες
864 387 886 457 ά
902 399 968 458 νῦν
984 392 1047 462 οὐκ

36 488 305 570 176“·έθε’λουσιυ,
326 481 350 571 ή
367 491 565 571 βιασθῶσιν.
599 489 630 552 εί
642 486 703 569 μέν
719 493 835 554 τοίνυν
846 490 1048 575 προαιρησό-

78 582 188 674 ·“μεθ’
200 578 311 672 ἡμεῖς’
324 580 473 670 έφην“έν
483 589 530 669 τῷ
542 583 697 669 παρόντι,
721 593 753 653 εί
765 611 797 652 τι
815 585 980 656 δύσκολον
990 592 1050 656 τέ

85 685 255 771 “πρακται
265 688 424 769 Θηβαίοις
440 680 523 765 πρὸς
537 677 639 767 ἡμᾶς,
661 682 785 751 τούτου
795 692 983 772 μεμυῆσθαι
994 688 1050 756 καὶ

88 781 263 851 “τίπεστεῖν
280 781 394 860 αὐτοῖς
412 777 457 859 άς
478 782 515 846 ἐν
536 786 579 865 τῇ
597 785 666 847 τάν
685 783 818 865 ἐχθροῖν
837 777 913 851 οὖσι
930 791 1048 873 μερίδι,

88 879 249 967 “προῖτον
265 881 326 971 μέν
342 876 365 947 ά
381 874 424 946 άν
442 877 572 956 εὔξαιτο
584 883 747 959 Φίλιππος
758 879 956 967 ποιήσομεν,
981 881 1048 950 εἶτα

88 979 283 1068 “φοβοδμαι
294 978 338 1065 μή
350 977 627 1065 προσδεξαμένων
636 984 705 1042 τοῖν
715 985 781 1044 νῦν
792 972 1049 1065 ἀνθεστηκότων

90 1077 205 1167 “αότρλ
222 1081 278 1148 καλ
294 1084 355 1167 μιᾷ
370 1075 487 1163 γνωμῃ
503 1073 638 1141 πάντων
655 1075 922 1158 φιλιππισάντων
932 1077 1111 1166 είςτήυῖδί

87 1174 122 1205 “
118 1175 263 1272 Αττικην
273 1181 420 1244 ἐλθωσιν
429 1168 664 1260 άμφοτεροι
643 1199 686 1238 αν
696 1178 807 1257 μέντοι
818 1173 965 1263 πεισθητ
979 1182 1049 1264 ἐμοί

89 1274 169 1343 “acal
178 1298 304 1364 προς
271 1299 318 1341 τω
307 1282 484 1356 σκοπεῖν,
497 1269 580 1342 άλλά
591 1296 636 1355 μη
625 1267 848 1354 φιλονεικεῖν
857 1269 971 1359 περὶ
944 1303 993 1343 ων
1005 1273 1049 1344 άν

88 1371 212 1459 “Nym
214 1375 376 1459 γένησθε,
398 1368 489 1455 οἶμαι
504 1370 560 1436 καὶ
577 1394 617 1435 τα
604 1365 748 1435 δέοντα
758 1372 865 1454 λέγειν
877 1372 984 1452 δόξειν
995 1378 1049 1440 καλ

36 1468 385 1556 177“τονέφεστηκοτα
396 1471 558 1536 κίνδυνον
568 1466 715 1554 τηπολει
725 1469 905 1537 διαλυσειν.
937 1477 972 1538 τί
987 1464 1050 1540 οὖν

90 1569 197 1657 “W
210 1574 294 1647 δεῑυ;
306 1575 439 1653 πρῶτον
450 1566 511 1652 μὲν
521 1565 581 1633 τὸν
592 1565 741 1649 παρόντα
753 1569 922 1635 ἐπανεῖναι
930 1569 1048 1656 φόβον,

89 1665 183 1736 “elva
198 1668 404 1754 μεταθέσθαι
422 1667 477 1732 καί
494 1669 675 1749 φοβεῖσθαι
690 1664 816 1743 πάντας
826 1661 890 1732 όπέ
891 1691 910 1747 ρ
924 1674 1051 1753 θηβαί

89 1763 192 1834 “ων··
186 1765 287 1834 πολυ
298 1791 362 1851 γαρ
372 1790 441 1832 των
453 1769 573 1831 δειυων
584 1768 668 1830 είσιν
678 1759 774 1848 ήμων
792 1765 972 1848 ἐγγυτέρω,
995 1767 1051 1832 καί
1122 1781 1127 1790 “

88 1856 286 1950 “προτέροις
294 1861 412 1942 αυτοῖς
417 1858 717 1940 ἐστινοκίνδυνος
740 1861 840 1930 ἔπειτ’
853 1862 1052 1944 ἐξελθόντας

90 1959 325 2031 “Ἐλενσίυάδε
336 1986 415 2039 τους
424 1965 461 2028 ἐν
471 1958 572 2048 ήλικί
560 1985 581 2026 α
592 1963 647 2028 καί
657 1983 737 2038 τους
747 1963 863 2040 ππέας
873 1965 974 2042 δεῖξαι
984 1987 1051 2030 πα

87 2056 318 2146 “σιυυμας
276 2085 399 2138 αυτους
410 2063 446 2125 έν
457 2072 525 2136 τοῖς
538 2057 652 2137 οπλοις
663 2057 843 2143 οντας,λνα
853 2073 920 2138 τοις
931 2064 969 2128 έν
980 2061 1050 2147 Θη-
1080 2126 1086 2143 ,

87 2156 187 2245 “flate
197 2155 414 2242 φρονοῦσιτά
424 2154 566 2243 ὑμέτερα
578 2159 611 2235 ἐξ
624 2167 699 2224 ῖσου
715 2157 902 2242 γένηται·τό
921 2183 1052 2246 παρρη-

89 2252 286 2343 “σιάζεσθαι
297 2259 371 2339 περὶ
381 2263 451 2322 τεόν
463 2259 618 2336 δικαίων,
639 2253 841 2340 είδόσινότι,
861 2253 973 2338 ὥσπερ
984 2270 1052 2334 τοῖς

89 2351 422 2442 “πωλοῦσιΦιλίππςο
434 2359 495 2439 τήν
505 2356 647 2436 πατρίδα
656 2350 793 2435 πάρεσθ’
803 2349 824 2436 ή
833 2351 1052 2438 βοηθήσουσα

89 2450 256 2540 “δόναμις
269 2456 308 2522 ἐν
320 2450 482 2540 Ἑλατεία,
506 2449 596 2519 οὕτω
613 2464 682 2540 τοῖς
697 2446 781 2534 ὑπὲρ
792 2456 850 2535 τῆς
861 2451 1052 2532 ἐλευθερίας
1070 2527 1075 2547 .

88 2548 334 2637 “ιἰγωνίζεσθαι
350 2554 568 2639 βουλομένοις
577 2546 744 2636 υπαρχεθ
756 2545 851 2634 υμεῖς
861 2573 986 2634 ετοιμοι
997 2551 1052 2616 καὶ

36 2645 109 2705 tw
89 2648 307 2774 βοηθησετζ
329 2648 390 2717 έαν
400 2676 449 2728 τις
459 2648 511 2718 ἐπ’
525 2646 650 2727 αυτους
661 2657 703 2737 δη
737 2673 819 2733 μετα
830 2673 934 2716 ταυτα
944 2673 1053 2735 χειρο-

89 2745 253 2834 “τονήσαι
270 2749 396 2815 κελεύω
414 2749 494 2816 δέκα
511 2751 679 2835 πρέσβεις,
701 2749 756 2815 καὶ
768 2747 1054 2834 ποιήσαιτοάτους

89 2845 253 2943 “πυρίους
268 2846 349 2932 μετά
366 2873 436 2914 των
452 2855 646 2933 στρατηγων
662 2849 792 2915 καὶτοῦ
809 2846 888 2914 πότε
900 2849 952 2914 δεῖ
958 2851 1054 2932 βαδι

87 2942 180 3028 “ζειν
203 2932 307 3013 ἐκεῖσε
328 2947 383 3013 καὶ
405 2952 463 3030 τῆς
484 2945 610 3024 ἐξόδου.
653 2942 788 3013 ἐπειδαν
809 2941 876 3010 δ
861 2948 1007 3011 ἔλθωσιν
1023 2946 1056 3010 οί

90 3042 270 3131 “π·ρέσβεις
290 3049 336 3124 εἰς
357 3044 485 3164 Θήβας,
516 3068 587 3121 πως
606 3042 797 3130 χρήσασθαι
816 3047 863 3128 τῷ
888 3042 1057 3152 πράγματι

91 3139 287 3227 “meacm
311 3144 418 3231 τοότω
437 3141 528 3209 πάνυ
545 3167 602 3228 μοι
620 3139 844 3228 προσέχετε
809 3165 976 3208 τοννουν.
1010 3165 1055 3260 μη

90 3238 249 3311 δεῖσθαι
260 3247 415 3328 Θηβαιων
426 3240 561 3328 μηδν(
563 3236 696 3324 σχρος
707 3235 956 3325 γαροκαιρος)
981 3231 1055 3302 ἀλλ’

90 3336 378 3424 ἐπαγγέλλεσθαι
387 3332 621 3425 βοηθησειν
599 3363 643 3404 αν
654 3337 851 3419 κελευωσιυ
864 3359 909 3410 ως
921 3334 1057 3399 ἐκεινων

92 3435 216 3524 “ph'‘
193 3463 315 3514 οντων
322 3441 438 3516 ἐντοῖς
450 3432 654 3522 ἐσχάτοις,
634 3442 732 3522 ημῶν
744 3423 958 3575 δὲάμεινονή
976 3425 1055 3498 ’κεῖ
