2340 3894
106 240 169 306 278
313 241 411 299 xvssl.
440 232 860 341 AHMOEQENOYE

107 404 302 486 προδοσίας,
325 402 355 464 εί
365 392 469 484 δεῑμὴ
487 402 616 480 ληρελν,
633 401 691 479 τῆς
708 401 775 461 τῶν
787 390 957 481 Ἑλλήνων
971 397 1069 463 ἐλευ-

106 506 238 584 θερίας,
261 496 283 582 ἥ
303 521 338 562 τε
355 495 451 570 πόλις
479 489 567 574 παρά
586 499 687 558 πᾶσιν
706 489 900 575 ἀνθρώποις
917 493 1067 575 ἀναίτιος

105 602 245 686 γέγονεν
256 600 292 664 ἐκ
303 603 371 662 των
382 597 472 679 ε’μολν
483 591 735 676 πολιτευμάτων
745 593 800 660 καὶ
811 590 873 677 ε’γεδ
887 591 961 678 παρ’
969 591 1063 680 ὑμῖν.

106 698 175 766 εἶτά
187 694 216 784 μ’
231 699 354 782 ἐρωτᾷς
371 691 445 760 άντὶ
463 697 559 768 ποίας
576 687 694 775 ἀρετῆς
705 688 976 781 άξιῶτιμάσθαις
999 688 1068 778 ε’γτδ

106 796 149 884 δή
160 817 214 864 σοι
224 799 308 880 λέγω
321 791 373 860 ότι
389 797 458 859 τῶν
469 791 737 873 πολιτευομένων
747 787 837 872 παρὰ
852 802 920 868 τοῖς
929 787 1068 876 Ἕλλησι

37 886 40 893 ⁴
60 884 61 888 Ἰ
106 897 364 982 διαφθαρέντων
375 890 551 973 ἁπάντων,
564 884 758 972 άρξαμένωυ
769 885 833 975 άπὸ
845 895 923 971 σού,
942 888 1068 973 πρότε-

15 1038 23 1060 ,
43 1014 98 1070 298
106 1021 168 1078 ρον
179 992 240 1078 μὲν
256 989 321 1058 ὑπό
336 995 520 1073 Φιλίππου,
544 993 612 1054 νῦν
630 984 661 1053 δ’
681 983 989 1076 ὑπ’Ἅλεξάνδρου,
1009 991 1067 1080 ἐμὲ

105 1089 181 1158 ούτε
192 1085 307 1172 καιρὸς
318 1085 396 1154 ούτε
407 1091 648 1173 φιλανθρωπία
658 1083 1067 1172 λόγωυούτ’ἐπαγγελιτὸν

104 1192 246 1274 μέγεθος
256 1183 327 1254 οὔτ’
341 1189 429 1264 ἐλπὶς
440 1184 517 1254 οὔτε
530 1185 636 1271 φόβος
647 1181 721 1253 οὔτ’
735 1182 816 1253 άλλο
828 1182 930 1254 οὐδὲν
941 1189 1067 1272 ἐπῆρεν

103 1284 182 1354 οὐδὲ
196 1284 403 1372 προηγάγετο
416 1277 465 1351 ὦν
476 1289 590 1370 ἔκρινα
600 1287 738 1351 δικαίων
747 1286 802 1352 καὶ
818 1285 1068 1370 συμφερόντων

103 1394 143 1473 τῇ
155 1389 286 1469 πατρίδι
296 1381 398 1452 ούδὲυ
409 1387 603 1470 προδοῦναι,
616 1381 702 1470 οὐδ’,
711 1382 775 1451 ὅσα
786 1383 1067 1469 συμβεβούλευκα

104 1485 238 1552 πάποτε
260 1488 426 1572 τουτοισὶ,
458 1485 580 1572 ὁμοίως
602 1485 684 1572 ύμῖν
707 1484 893 1569 ὡσπερανεὶ
913 1483 1065 1567 τρυτάνη

104 1573 216 1670 ῥέπων
232 1585 284 1652 ἐπὶ
301 1583 337 1649 τό
351 1589 461 1668 λῆμμα
479 1582 768 1667 συμβεβούλευκα,
792 1579 859 1648 ἀλλ’
880 1577 941 1648 ἄπ’
956 1578 1075 1666 ὀρθῆς·

104 1682 159 1749 καὶ
181 1686 308 1759 δικαίας
329 1681 385 1748 καλ
406 1678 621 1765 ἀδιαφθόρου
642 1687 699 1766 τῆς
721 1687 843 1767 ψυχῆς,
878 1682 934 1748 καὶ
967 1687 1074 1767 μεγί-

104 1799 193 1848 στων
211 1778 252 1865 δὴ
278 1778 482 1866 πραγμάτων
509 1785 577 1846 τόν
605 1777 679 1845 κατ’
698 1777 841 1863 ἐμαυτὸν
863 1775 1065 1864 ἀνθρώπων

81 1932 88 1945 .
103 1875 248 1961 προστάς
259 1878 368 1944 πάντα
378 1886 482 1944 ταῦτα
493 1875 595 1961 ὑγιεῖς
605 1882 659 1945 καὶ
666 1882 800 1956 δικαίως
811 1885 1061 1966 πεπολίτευμαι.

5 1976 6 1979 '
40 1990 94 2048 299
103 1975 156 2041 διά
169 1972 264 2041 ταῦτ’
277 1969 359 2053 άξιά
369 1983 539 2059 τιμᾶσθαι.
566 1972 626 2042 τόν
638 1975 674 2042 δὲ
684 1972 853 2060 τειχισμὸν
863 1984 1000 2062 τοῦτον,
1020 1975 1078 2046 δυ’

102 2073 145 2139 σύ
162 2097 228 2158 μου
248 2074 413 2157 διέσυρες,
436 2074 490 2140 καὶ
507 2071 568 2159 τὴν
585 2080 748 2159 ταφρείαν
759 2074 833 2154 άξια
849 2075 912 2160 μὲν
925 2075 1062 2164 χάριτος

101 2173 155 2240 καὶ
174 2173 312 2239 ἐπαίνου
334 2176 453 2258 κρίνεα,
477 2180 546 2250 πῶς
567 2170 630 2258 γάρ
653 2172 696 2240 ού
702 2202 709 2252 3
730 2173 846 2258 πόρρω
859 2178 976 2260 μέντοι
993 2199 1081 2253 που,

67 2303 73 2313 ’
101 2279 169 2340 τῶν
180 2274 311 2359 ἐμαυτῷ
322 2273 611 2364 πεπολιτευμένων
623 2279 764 2357 τίθεμαι.
798 2270 840 2340 ού
851 2279 963 2352 λίθοις
977 2277 1075 2342 ἐτεί-·’

101 2391 176 2456 χισα
194 2367 256 2457 τὴν
274 2371 374 2439 πόλιν
395 2369 474 2440 οὐδὲ
495 2379 650 2450 πλίνθοις
669 2369 751 2456 ε’γοδ,
773 2369 849 2440 οὐδ’
861 2374 914 2440 ἐπὶ
926 2373 1061 2453 τούτοις

101 2472 257 2554 μέγιστον
267 2478 335 2536 των
350 2472 495 2555 ἐμαυτοῦ
505 2478 638 2557 φρονῶ·
665 2468 733 2539 άλλ’
752 2468 811 2538 ἐάν
826 2469 887 2538 τδν
898 2470 1062 2558 έμόντει-

101 2563 222 2651 χισμδν
233 2567 340 2654 βούλη
352 2572 485 2647 δικαίως
496 2582 648 2654 σκοπείν,
661 2567 814 2656 εὑρήσεις
824 2566 914 2638 όπλα
925 2571 984 2639 καὶ
993 2570 1061 2640 πό-

101 2670 167 2740 λεις
183 2665 239 2730 καὶ
257 2664 381 2744 τόπους
398 2669 453 2732 καὶ
470 2672 603 2752 λιμένας
618 2668 674 2735 καὶ
690 2675 774 2745 ναῦς
791 2669 846 2736 καί
860 2671 986 2747 ἵππους
1003 2672 1060 2736 καὶ

38 2778 91 2833 300
100 2757 243 2837 πολλούς
270 2759 348 2838 τούς
369 2760 452 2846 ὑπὲρ
477 2765 607 2831 τούτων
634 2762 896 2851 ἀμυνουμένους.
952 2774 1060 2835 ταῦτα

98 2855 339 2943 προύβαλόμην
350 2858 413 2943 ἐγώ
425 2858 489 2945 πρὸ
502 2869 561 2947 τῆς
570 2861 722 2950 Ἀττικῆς,
731 2863 813 2932 ὅσον
826 2855 868 2950 ἦν
878 2863 1061 2948 άυθρωπί-

49 3021 55 3040 η
98 2980 146 3043 νφ
158 2962 303 3042 λογισμῷ
317 2957 474 3046 δυνατὸν,
486 2962 541 3027 καὶ
558 2960 689 3040 τούτοις
706 2966 845 3049 ἐτείχισα
857 2961 921 3049 τὴν
930 2964 1058 3050 χώραν,

98 3051 170 3140 οὐχὶ
181 3052 241 3122 τόν
252 3056 379 3134 κύκλου
389 3066 451 3126 τοῦ
463 3066 626 3145 Πειραιῶς
637 3059 717 3128 οὐδὲ
734 3069 796 3128 τοῦ
807 3059 942 3140 άστεως.
978 3060 1063 3130 οὐδέ
1066 3071 1106 3128 324

61 3172 67 3184 ’
96 3149 124 3237 γ’
155 3150 306 3239 ἡττήθην
332 3153 396 3239 ἐγώ
421 3171 489 3236 τοϊς
518 3165 688 3245 λογισμοῖς
711 3165 894 3254 Φιλίππου,
927 3166 1059 3229 πολλοῦ

95 3277 133 3335 γε
145 3253 201 3320 καὶ
229 3256 294 3338 δεῖ,
327 3251 405 3321 οὐδὲ
416 3269 488 3333 ταῖς
499 3271 738 3343 παρασκευαῖς,
761 3255 829 3325 ἀλλ’
843 3262 878 3325 οί
888 3265 960 3326 τῶν
971 3277 1059 3343 συμ-

5 3408 9 3417 .
95 3349 210 3435 μάχων
239 3354 415 3439 στρατηγοὶ
441 3356 494 3422 καὶ
528 3359 565 3422 αι’
590 3355 748 3441 δυνάμεις
769 3363 809 3443 τῇ
830 3356 924 3445 τύχη,
968 3361 1058 3434 τίνες
