2340 3894
160 211 202 273 86
284 212 292 219 ”
368 212 439 268 vm
484 201 906 303 ΔΗΜΟῌΘΕΝΟΤΣ

160 371 361 459 πεφυκότες,
391 366 465 437 ἀλλ’
490 369 606 450 ἕτερον
627 371 741 452 λαβεῖν
763 371 911 431 κωλῦσαι
932 365 987 430 καὶ
1010 360 1120 448 ἔχοντ’

81 514 83 518 ⁴
160 469 347 557 ἀφελέσθαι
375 471 493 552 δεινοὶ,
509 468 580 532 ’καὶ
607 464 693 542 ἀλως
714 467 897 550 ἐνοχλῆσαι·
914 477 982 541 τοῖς
1005 462 1118 548 ἄρχειν

160 572 377 656 βουλομένοις
399 567 454 635 καὶ
475 564 602 642 πάντας
623 563 828 645 ἀνθρώπους
848 568 894 640 είς
920 565 1121 649 ἐλευθερίαν

161 665 346 754 ἀφελέσθαι
356 668 488 751 ἕτοιμοι.
523 662 651 730 οὔκουν
665 662 820 747 βούλεται
829 675 897 740 τοϊς
910 662 1032 728 ἑαυτοῦ
1043 688 1120 729 και-

85 843 90 853 ,
161 781 231 853 μοῖς
241 767 303 852 τὴν
315 762 393 849 παρ’
408 761 505 849 ὑμῶν
515 765 713 846 ἐλευθερίαν
723 759 930 845 ἐφεδρεύειν,
944 758 1023 828 οὐδὲ
1034 769 1120 829 πολ·

160 873 224 933 λοῦ
251 869 316 947 δεῖ,
349 859 392 928 οὐ
413 869 523 938 κακῶς
544 857 617 926 οὐδ’
640 857 752 944 ἀργοῖς
769 867 875 937 ταῦτα
895 859 1116 944 λογιζόμενος.

117 984 151 1037 43
160 970 294 1046 πρῶτον
304 951 414 1046 μὲνδὴ
428 967 527 1025 τοῦτο
539 962 601 1041 δεῖ,
624 956 747 1042 ἐχθρὸν
757 955 976 1044 ὑπειληφέναι
985 967 1044 1045 τῆς
1055 982 1120 1025 πο-

160 1061 354 1141 λιτειάς[καί
364 1061 422 1139 τῆς
434 1062 666 1141 δημοκρατίας]
679 1054 901 1125 ἀδιάλλακτον
921 1060 1066 1126 ἐκείνου·
1089 1064 1121 1125 εί

159 1158 223 1243 γάρ
235 1155 279 1242 μὴ
291 1163 390 1223 τοῦτο
402 1152 630 1241 πεισθήσεσθε
639 1169 709 1232 ταῖς
720 1168 855 1240 ψυχαῖς,
867 1153 929 1223 οάκ
941 1156 1119 1242 ἐθελήσετε

160 1253 245 1340 ὑπὲρ
255 1264 323 1323 τῶν
335 1253 539 1339 πραγμάτων
549 1254 762 1333 σπουδάζειν·
784 1253 942 1337 δεύτερον
954 1251 982 1320 δ
995 1258 1119 1322 είδέυαι

159 1361 276 1440 σαφως
294 1354 346 1435 ότι
361 1351 467 1421 πάνθ’
488 1351 551 1420 ὅσα
568 1353 831 1439 πραγματεύεται
843 1357 898 1422 καλ
908 1354 1120 1421 κατασκευά-

159 1459 244 1534 ζεται
261 1462 343 1539 νῦν,
366 1456 418 1520 ἐπὶ
439 1450 502 1537 την
522 1451 685 1537 ἡμετέραν
705 1455 804 1521 πόλιν
823 1454 1117 1539 παρασκευάζεται,

157 1555 213 1622 καὶ
230 1552 318 1622 όπου
339 1580 388 1631 τις
408 1555 538 1620 ἐκεῖνον
559 1549 735 1636 ἀμύνεται,
758 1551 894 1620 ἐνταῦθ’
916 1551 1000 1637 ὑπὲρ
1020 1552 1119 1639 ἡμῶν

114 1681 150 1736 44
159 1652 328 1741 ἀμύνεται.
363 1648 405 1719 ού
426 1648 491 1735 γάρ
512 1649 601 1717 οὕτω
625 1647 657 1734 γ’
682 1648 810 1736 εάήθης
829 1653 918 1719 ἐστὶν
937 1648 1035 1736 ὑμῶν
1056 1648 1119 1718 οά-

159 1755 225 1832 δεὶς
245 1750 282 1831 δς
302 1749 530 1836 ὑπολαμβάνει
549 1746 609 1816 τόν
626 1755 794 1818 Φίλιππον
809 1756 878 1816 τῶν
894 1749 956 1835 μέν
972 1753 1009 1817 ἐν
1024 1750 1119 1839 Θρά-

157 1875 200 1936 κη
222 1859 336 1918 κακῶν
357 1854 404 1934 (τί
420 1845 486 1932 γάρ
507 1841 550 1913 άν
571 1845 652 1914 ἀλλο
674 1874 722 1926 τις
744 1856 828 1915 είποι
848 1854 1041 1932 Δρογγίλον
1060 1851 1117 1916 καὶ

75 1949 77 1952 ⁴
157 1947 319 2035 Καβύλην
340 1948 395 2014 καὶ
417 1947 614 2031 Μάστειραν
634 1943 733 2013 καλά
753 1953 820 2013 νῦν
841 1948 963 2027 ἐξαιρεῖ
977 1937 1033 2012 κοιλ
1054 1972 1118 2014 κα-

156 2045 419 2130 τασκευάζεταω)
441 2043 572 2111 τούτων
592 2043 654 2129 μὲν
675 2047 852 2130 ἐπιθυμεῖν
873 2046 926 2111 καὶ
947 2041 1032 2129 ὑπὲρ
1053 2053 1117 2113 τοῦ

156 2151 260 2210 ταῦτα
270 2149 385 2229 λαβεῖν
396 2144 451 2209 καλ
463 2141 589 2219 πόνους
600 2145 655 2209 καὶ
672 2151 834 2228 χειμῶνας
850 2144 904 2210 καί
920 2140 1000 2220 τούς
1016 2144 1117 2229 έσχά-

114 2270 148 2325 45
156 2269 234 2355 τους
245 2235 455 2318 κινδύνουςε
435 2244 631 2327 υπομένειν,
651 2250 720 2309 των
731 2240 783 2309 δὲ’
777 2247 914 2327 Αθηναί
912 2268 961 2308 ων
971 2245 1117 2327 λιμένων

158 2319 212 2410 ubi
223 2349 372 2427 νεωρίων
383 2341 439 2408 καλ
449 2339 595 2426 τριήρων
605 2345 659 2408 καὶ
671 2368 739 2408 των
750 2347 858 2427 ἔργων
873 2350 942 2408 τῶν
957 2338 1117 2427 ἀργυρεί-

159 2469 207 2510 ων
217 2442 271 2510 καὶ
282 2461 453 2509 τοσουτων
462 2439 690 2525 προσοδων
650 2466 712 2508 ουκ
723 2443 910 2525 επιθυμείν,
918 2439 1117 2508 αλλαταυτα

36 2599 42 2605 ,
158 2568 219 2625 μεν
230 2541 342 2629 ἐάσειν
356 2537 442 2625 ἡμᾶς
454 2544 555 2623 ἐχειν,
579 2537 664 2623 ὑπὲρ
676 2540 711 2606 δέ
726 2546 795 2605 τῶν
810 2546 956 2623 μελινῶν
972 2541 1029 2606 καὶ
1045 2547 1116 2605 τεόν

158 2637 293 2720 ὀλυρῶν
314 2646 382 2705 τάν
403 2641 441 2704 ἐν
460 2651 528 2714 τοῖς
546 2643 703 2724 Θρᾳκίοις
714 2652 818 2720 σιροῖς
833 2643 869 2705 ἐν
885 2645 931 2726 τῷ
948 2639 1114 2727 βαράθρῳ
1125 2654 1162 2706 1οε

157 2737 329 2823 χειμάζειν.
367 2735 430 2803 ούκ
450 2741 519 2803 ἐστι
539 2743 660 2820 ταῦτα,
682 2735 766 2804 ἀλλά
787 2736 923 2805 κάκεῖνα
944 2735 1030 2819 ὑπὲρ
1051 2745 1116 2805 τοῦ

156 2834 286 2903 τούτων
295 2838 453 2919 γενέσθαι
464 2833 579 2916 κύριος
590 2835 645 2922 καὶ
653 2833 757 2901 τάλλα
773 2835 881 2902 πάντα
899 2835 1116 2922 πραγματεύ-

113 2960 233 3015 ςςεται,
267 2937 300 3000 τί
315 2924 380 3000 οάν
397 2925 437 3000 εὖ
454 2933 676 3018 φρονούντων
693 2929 887 3018 ἀνθρώπων
897 2938 1000 3016 έστίν;
1024 2936 1115 3005 είδό-

154 3059 212 3110 τας
227 3036 331 3098 ταῦτα
349 3032 405 3099 καί
420 3032 606 3116 ἐγνωκότας
620 3030 682 3118 τὴν
698 3031 758 3117 μὲν
769 3029 1048 3119 ὑπερβάλλουσαν
1058 3035 1116 3102 καὶ

156 3129 341 3218 ἀνήκεστον
358 3130 484 3217 ταύτην
500 3134 674 3220 ῥᾳθυμίαν
684 3129 893 3220 ἀποθέσθαι,
916 3134 1068 3221 χρήματα
1079 3131 1130 3200 δ”

157 3232 338 3319 εἰσφέρειν,
361 3232 416 3298 καὶ
432 3229 512 3308 τούς
528 3232 721 3317 συμμάχους
738 3228 855 3311 ἀξιοῦν
860 3283 870 3315 ,
894 3234 950 3299 καὶ
965 3231 1058 3311 ὅπως
1074 3232 1114 3300 τό

155 3326 357 3415 συνεστηκός
367 3335 466 3396 τοῦτο
478 3343 640 3415 συμμενεῖ
648 3331 834 3415 στράτευμα
846 3329 930 3419 ὁρᾶν
940 3332 997 3398 καὶ
1007 3329 1116 3417 πράτ-

155 3456 241 3515 τειν,
254 3426 309 3497 ’ἵν’
322 3426 434 3514 ὥσπερ
444 3431 568 3507 ἐκεῖνος
578 3429 711 3514 ἕτοιμον
720 3434 786 3515 ἔχει
797 3429 943 3515 δύναμιν
958 3426 1023 3516 τὴν
1038 3426 1115 3497 doo-
