2340 3894
109 283 112 290 ,
165 212 230 276 ιω
380 213 453 272 x1x.
487 211 910 276 Απαοεσααουε
955 244 987 271 -.

160 372 225 442 “να
236 375 292 443 καλ
303 369 321 441 ὁ
334 369 454 456 aava?
472 369 725 457 ου”τεφυγελντδ
735 370 911 459 ἀνάλωμα·
929 371 1128 464 ὡμολόγησε
1134 395 1169 449 397

163 475 225 561 μὲν
236 470 288 560 δή,
301 470 516 557 διεκρούσατο
528 470 564 540 δὲ
575 477 620 549 είς
630 497 671 538 τα
658 469 906 558 Παναθήναια
917 475 1031 561 φήσας
1041 475 1128 546 ἀπο-

163 577 314 658 πέμψειν.
333 568 453 656 λέγε
418 597 481 656 την
489 568 720 690 μαρτυρίαν
684 597 748 657 την
754 569 1089 698 Ἀπολλοιράνους,
1058 603 1125 645 ειτα

162 668 225 758 τήν
236 677 303 738 των
313 668 426 738 ἄλλων
435 693 505 737 των
515 668 703 753 παρόντων.

519 827 756 889 MAPTYPIA.

101 949 152 1005 169
248 937 333 1022 Φέρε
345 933 384 1020 δή
399 935 453 1002 καλ
466 932 568 1012 ὅσους
580 932 680 1013 αύτδς
690 936 858 1024 ἐλυσάμην
870 946 940 1007 των
953 944 1120 1028 αἰχμαλω-

109 1088 112 1093 .
162 1043 322 1103 τωνείπω
341 1029 425 1116 πρός
442 1029 536 1119 ὑμᾶς.
570 1035 609 1103 ἐν
626 1031 695 1122 όσςο
713 1034 777 1120 γάρ
793 1033 866 1121 ούχλ
884 1039 1056 1122 παρόντος
1071 1069 1117 1108 πω

162 1137 330 1203 Φιλίππου
342 1135 548 1218 διετρίβομεν
560 1135 596 1200 ἐν
605 1135 728 1220 Πέλλη,
741 1136 822 1202 ἔνιοι
836 1142 905 1203 τῶν
928 1136 1116 1222 ἡλωκότων,
1130 1122 1145 1140 ⁸

161 1229 299 1319 ὅσοιπερ
319 1223 407 1318 ήσαν
417 1233 662 1317 ἐξηγγυημένοι,
674 1227 907 1318 ἀπιστοῦντες,
922 1235 967 1314 ὡς
978 1238 1051 1322 ἐμοὶ
1064 1243 1117 1308 δο-

90 1364 93 1375 ’
160 1346 221 1416 κεῖ,
228 1328 663 1419 μήδννήσεσθαιέμδταῦτα
672 1327 848 1412 πείσαιτδν
856 1337 1036 1420 Φίλιππον,
1045 1337 1117 1404 ἑαυ-

161 1428 240 1510 τούς
257 1437 387 1518 ἔφασαν
403 1429 589 1518 βούλεσθαι
604 1428 771 1497 λύσασθαι
789 1431 844 1498 καλ
862 1437 1031 1519 μηδεμίαν
1041 1436 1116 1505 τού-

159 1557 221 1599 του
241 1530 338 1617 χάριν
359 1535 445 1616 ἐχειν
466 1535 512 1620 τῷ
532 1535 702 1617 Φιλίππη),
726 1530 781 1597 καὶ
799 1531 1006 1610 έδαυειζοντο
1023 1531 1041 1600 ὁ
1059 1537 1115 1620 μὲν

159 1645 245 1714 τρεῖς
255 1636 356 1717 μνᾶς,
379 1625 446 1698 ὁδὶ
463 1633 576 1715 πέντε,
598 1625 666 1696 ὁδε
678 1625 768 1707 ὅπως
779 1630 980 1714 συνέβαινεν
992 1633 1115 1723 ἑκάστη

99 1740 151 1798 170
162 1731 201 1799 τά
215 1730 329 1818 λύτρα.
357 1725 468 1814 ἐπειδή
480 1734 597 1796 τοίνυν
607 1723 850 1812 ὡμολόγησενὸ
865 1733 1032 1808 Φίλιππος
1043 1729 1115 1810 τοὺς

161 1827 300 1906 λοιπούς
310 1827 489 1912 λύσεσθαι,
512 1828 719 1912 συγκαλέσας
730 1821 793 1912 ἐγώ
805 1825 946 1905 τούτους
958 1821 1009 1906 οἷς
1021 1825 1115 1908 αὐτὸς

160 1933 281 2013 ἔχρησα
291 1924 485 2010 τάργύριον,
496 1926 553 1993 καλ
563 1923 603 1991 τά
615 1927 831 2011 πεπραγμένα
842 1923 1054 2013 ὑπομνήσας,
1065 1933 1114 1997 ἵνα

77 2092 80 2098 f
158 2023 203 2112 μή
216 2027 346 2091 δοκοῖεν
357 2027 585 2107 ἔλαττον-ἐχειν
596 2024 804 2109 ἐπειχθέντες
814 2021 888 2110 μηδ’
896 2027 930 2091 ἐκ
944 2032 1015 2093 τῶν
1026 2030 1115 2095 ἰδίων

159 2128 392 2206 λελυτρῶσθαι
403 2125 539 2207 πένητες
552 2119 745 2209 ἅνθρωποι,
767 2132 835 2191 τοῖν
851 2122 966 2192 ἄλλων
978 2121 1046 2193 ὑπὸ
1058 2131 1113 2193 τοῦ

159 2227 329 2292 Φιλίππου
345 2223 632 2306 προσδοκωμένων
650 2219 900 2311 άφεθήσεσθαι,
921 2227 1034 2293 έδωιια
1053 2229 1114 2292 δω-

157 2320 238 2407 ρεάν
249 2318 288 2390 τά
299 2320 413 2406 λύτρα
432 2321 497 2391 Καὶ
509 2317 561 2389 ὅτι
572 2319 666 2388 ταῦτ’
679 2317 790 2408 άληθή
799 2323 895 2410 λέγω,
906 2325 984 2408 λέγε
995 2324 1114 2402 ταύτας

157 2421 413 2507 τάςμαρτνρίας.

504 2555 765 2618 MAPTYPIAI.

82 2677 146 2746 '171
231 2661 315 2732 Ὅσα
326 2663 387 2750 μὲν
397 2669 514 2732 τοίνυν
522 2662 634 2750 άφήκα
644 2663 792 2750 χρήματα
800 2666 855 2732 καλ
865 2664 998 2749 δωρεάν
1007 2672 1112 2736 ἔδωκα

157 2775 224 2840 τοϊς
235 2758 414 2846 άτυχήσασι
426 2767 493 2827 τάν
504 2770 658 2847 πολιτῶν,
666 2759 755 2829 ταῦτ’
764 2767 862 2828 ἔστιν.
882 2761 1003 2831 ὅτανδ’
1018 2756 1111 2842 οὗτος

56 2863 58 2867 ’
158 2858 274 2930 αὐτίκα
287 2857 327 2946 δή
341 2863 418 2947 λε’γη
431 2855 514 2945 πρός
525 2856 676 2945 ὑμάς“τί
683 2860 821 2946 δήποτε,
844 2856 888 2938 ὥς
900 2858 984 2948 φής,
1004 2855 1111 2947 ω’Δη-

152 2958 355 3048 “μόσθενες,
378 2954 442 3026 άπδ
462 2970 522 3026 τοῦ
541 2973 712 3026 συνειπεῖν
728 2962 743 3026 έ
744 2958 995 3044 μλΦιλοκράτει
1010 2957 1110 3046 γνούς

150 3055 302 3130 “ούδεν’
286 3056 472 3146 ημαςύγιλς
490 3057 708 3143 πράττοντας,
731 3055 792 3144 τήν
809 3053 890 3142 μετά
907 3064 1015 3123 ταῦτα
1033 3083 1110 3144 πρε-

152 3157 287 3248 σβειαν
296 3185 358 3244 την
367 3158 419 3225 πὶ
428 3183 507 3234 τους
518 3182 640 3243 ορκους
649 3158 939 3242 συνεπρέσβευσας
949 3155 1156 3223 παλινκαλὸδθ

151 3256 236 3329 “ούκ
248 3254 435 3344 έξωμόσω;”
457 3262 559 3322 ταῦτα
571 3252 797 3341 μέμνησθε,”
776 3281 827 3322 οτι
838 3253 970 3332 τούτοις
981 3251 1109 3339 ωμολο-

154 3359 287 3445 γήκειν,
309 3354 367 3436 ούς
385 3355 571 3440 ἐλυσάμην,
593 3355 647 3421 καλ
664 3351 909 3438 κομιείνλύτρα
920 3351 1107 3420 καλσοόσειν

95 3447 147 3525 172
157 3461 202 3535 είς
219 3458 370 3543 δύναμιν.
403 3451 514 3523 δεινόν
530 3445 594 3520 ούν
609 3446 654 3592 ήυ
658 3451 861 3534 ψεύσασθαι
878 3476 935 3519 και
922 3452 1107 3536 προέσθαι
