2340 3894
100 205 143 268 οο
304 205 350 262 ιιι
388 184 854 260 ’ΔΗΜοΣοιιΝονΣ

100 389 207 450 τοι,ε
191 354 372 431 ελπάνθ’
357 357 380 426 ά
399 363 550 443 προσῆκε
563 355 776 438 πραττόντων
792 352 882 423 οὕτω
905 354 1099 438 διέκειτο,11

96 456 209 531 οὐδ’Ἃ
187 487 231 528 αν
241 448 362 536 ἐλπὶς
340 483 384 543 ην
393 480 478 522 αυτα
465 452 648 539 γενεσθαι
657 459 783 540 βελτίω
807 453 969 522 νυνδὶ
929 479 1057 539 τηςμεν

100 561 319 649 ήαθυμίας
279 581 337 641 της
348 551 508 639 νμετέρας
517 554 572 621 καὶ
581 550 795 638 τηςοιμελείας
805 577 985 639 κεκράτηκε
994 558 1057 619 Φι-

99 669 236 738 λιππος,
258 661 317 740 τῆς
337 646 514 729 πόλεωςδ’
532 648 804 736 ούκεκράτηκεν·
829 649 905 718 οὐδ’
917 647 1054 737 ἥττησθ’

100 754 204 841 ὑμεῖς,
216 749 283 820 ἀλλ’
297 747 376 820 οὐδὲ
384 774 442 816 κεκ
444 754 570 833 ί.νησθε

75 875 93 928 6
185 814 983 936 ΕϊμὲυούνάπαντεςὡμολογοῦμενΦλλιπποντή
993 847 1057 916 πό-

102 961 152 1020 λει
163 959 318 1036 πολεμεῖν
328 942 429 1013 καὶ
394 970 483 1030 τηνε
484 944 603 1030 ίρήνην
614 951 847 1031 παραβαίνειν,
862 941 996 1013 οὐδὲν
974 952 1056 1012 αλλο

101 1053 168 1117 ἔδει
189 1046 248 1116 τὸν
270 1043 433 1128 παριόντα
455 1045 562 1126 λέγειν
582 1044 637 1110 καὶ
658 1038 986 1130 συμβουλεύειυ>ή“
965 1066 1057 1123 οπως

102 1144 332 1230 ἀσφαλέστατα
343 1143 398 1210 καὶ
409 1143 514 1228 ῥᾷστα
522 1138 630 1217 ,αὐτὸν
641 1139 875 1227 ἀμυνούμεθα·
894 1143 1057 1228 ἐπειδὴδὲ

101 1243 208 1321 οὕτως
219 1240 350 1319 ἀτόπως
360 1245 442 1308 ἔνιοι
453 1239 634 1306 διάκεινται
656 1238 742 1307 ύστε
763 1240 875 1319 πόλεις
885 1248 1055 1327 καταλαμ

78 1424 80 1427 .
101 1340 266 1428 βάνουτος
275 1341 406 1407 ἐκείνου
416 1340 472 1407 καὶ
482 1338 588 1406 πολλά
598 1344 667 1406 τῶν
677 1336 847 1424 ὑμετέροιν
857 1343 990 1424 ἔχοντος
1000 1343 1055 1406 καὶ

102 1439 228 1516 πάντας
249 1435 454 1523 ἀνθρώπους
475 1433 672 1515 ἀδικοῦντος
694 1433 876 1522 ἀνέχεσθαί
892 1462 997 1504 τινων
1017 1440 1057 1506 ἐν

99 1551 169 1615 ταῖς
179 1539 362 1623 ἐκκλησίαις
373 1532 539 1619 λεγόντων
550 1526 705 1613 πολλάκις
713 1532 757 1613 οἱς
767 1531 863 1620 ήμῶν
873 1537 960 1614 τινές
972 1540 1057 1604 εἰσιν

101 1640 318 1712 ολποιοῦντες
334 1629 395 1701 τὸν
418 1633 579 1719 πόλεμον,
599 1630 728 1719 ἀνάγκη
754 1633 984 1717 φυλάττεσθαι
1000 1636 1057 1701 καὶ

76 1740 329 1818 Ἰδιορθούσθοιι
342 1734 417 1819 περὶ
433 1733 578 1800 τούτων·
613 1738 682 1799 ἔστι
696 1731 764 1816 γάρ
776 1734 849 1810 δέος
867 1728 991 1816 μήποθ’
1011 1729 1056 1809 ὡς

100 1831 322 1918 ἀμυνούμεθα
339 1829 470 1916 γράψας
484 1856 533 1908 τις
543 1833 598 1897 καὶ
610 1829 861 1917 συμβουλεύσας
872 1835 918 1908 εἰς
928 1828 990 1916 τήν
1001 1836 1055 1899 ac-

100 1934 175 1997 τλαν
196 1933 319 2016 ἐμπέση
340 1936 403 1996 τού
424 1930 717 2014 πεποιηκέναιτόν
737 1930 892 2015 πόλεμον.
924 1927 1052 2016 ἑγάᾱή

99 2034 198 2095 τούτο
209 2035 342 2111 πρῶτον
352 2024 511 2095 ἁπάντων
520 2030 604 2112 λέγω
615 2029 669 2095 καὶ
677 2031 866 2114 διορίζομαι,
874 2034 905 2097 ελ
913 2025 961 2113 ἐφ’
975 2025 1057 2114 ἡμῖν

100 2120 215 2204 ἐστιτὰ
229 2125 454 2211 βουλεύεσθαι
470 2129 544 2210 περὶ
554 2133 615 2192 τοῦ
625 2125 769 2211 πότερον
779 2124 917 2211 εἰρήνην
927 2121 1055 2212 ἀγεινή

75 2229 328 2309 ςπολεμελύάελ.
361 2231 392 2292 ελ
406 2225 468 2310 μὲν
478 2218 543 2292 οὖν
553 2229 677 2304 ἔξεστιν
688 2223 825 2310 εἰρήνην
835 2221 929 2308 άγειν
938 2230 980 2311 τῇ
991 2225 1054 2292 πό-

102 2329 151 2388 λει
161 2323 216 2389 καὶ
227 2319 275 2407 ἐφ’
289 2319 370 2409 ἡμῖν
383 2326 453 2390 ἐστι
465 2330 574 2407 τούτο,
585 2319 625 2390 ἵν’
639 2325 799 2391 ἐντεῦθεν
810 2321 974 2408 ἄρξωμαι,
986 2348 1056 2409 φη-

102 2419 1057 2508 μὶἕγωγεάγειυήμάςὃελν,κοιὶτόυπαύταλέγονταγράφειν

102 2519 156 2586 καὶ
163 2518 319 2603 πράττειν
326 2523 380 2588 καὶ
388 2518 433 2606 μή
440 2516 722 2605 φενακίζεινάξιύ·
730 2517 793 2586 siff
800 2519 956 2604 ἕτεροςτά
964 2517 1054 2588 ύπλα

102 2614 1054 2703 ἐνταλςχερσὶυὲγωυκαὶδύναμιυπολλήνπερὶαύτὸντού-

102 2719 189 2795 νομοι
199 2711 260 2796 μὲν
270 2710 306 2779 τὸ
318 2721 376 2799 τῆς
386 2714 518 2800 εἰρήνης
527 2713 607 2800 ύμῖν
618 2715 805 2802 προβάλλει,
816 2728 884 2794 τοῖς
895 2713 925 2800 δ’
944 2720 1055 2802 ἔργοις

103 2806 355 2887 αύτὸςτοῖςτού
369 2815 516 2897 πολέμου
533 2821 664 2899 χρῆται,
682 2821 716 2880 τί
729 2811 847 2880 λοιπὸν
865 2813 945 2880 ἀλλο
964 2811 1055 2900 πλήν

102 2904 306 2992 ἀμύνεσθαι;
331 2911 474 2995 φάσκειν
492 2909 525 2978 δ’
542 2912 677 2998 ελρήνην
693 2912 803 2996 ἀγειυ,
827 2917 857 2978 εἰ
873 2911 1053 2997 βούλεσθε,

76 3003 214 3089 θάσπερ
226 3010 365 3094 ἐκεῖνος,
383 3008 426 3076 ού
435 3014 640 3096 διαφέρομαι
675 3016 706 3092 ελ
721 3015 758 3080 δέ
767 3037 815 3090 τις
824 3010 951 3097 ταύτην
962 3010 1055 3097 εἰρή-
1064 3025 1099 3083 11“

102 3129 165 3189 νην
175 3099 484 3193 υπολαμβαυεηέ
462 3135 501 3195 ης
511 3113 634 3188 ἐκεινος
644 3133 752 3176 ποντα
763 3107 866 3176 ταλλα
876 3107 992 3196 λαβων
1002 3107 1053 3195 ἐφ

102 3199 188 3287 ἡμᾶς
202 3200 288 3287 ἥξει,
310 3213 442 3290 πρῶτον
460 3207 521 3292 μὲν
539 3214 703 3294 μαίνεται,
725 3213 835 3276 ἔπειτα
851 3211 966 3298 ἐκείνῳ
976 3206 1051 3294 παρ’

101 3297 209 3386 ύμων,
222 3299 282 3386 οὐχ
294 3299 374 3388 ὑμῖν
384 3328 451 3391 παρ
451 3304 648 3374 ’ἐκείνου
612 3333 673 3393 την
684 3304 931 3392 ελρήνηνλέγει
951 3314 1052 3374 τοῦτο

102 3394 132 3462 δ’
147 3395 266 3466 ἐστὶνά
281 3408 349 3468 τῶν
366 3399 636 3490 ἀναλισκομένων
650 3405 827 3492 χρημάτων
842 3404 979 3475 πάντων
989 3411 1054 3474 Φύ·
