<?xml version="1.0" encoding="UTF-8"?>
<!DOCTYPE html PUBLIC "-//W3C//DTD XHTML 1.0 Transitional//EN"
    "http://www.w3.org/TR/xhtml1/DTD/xhtml1-transitional.dtd">
<html xmlns="http://www.w3.org/1999/xhtml" xml:lang="en" lang="en">
 <head>
  <title>
</title>
<meta http-equiv="Content-Type" content="text/html;charset=utf-8" />
  <meta name='ocr-system' content='tesseract 3.04.00' />
  <meta name='ocr-capabilities' content='ocr_page ocr_carea ocr_par ocr_line ocrx_word'/>
</head>
<body>
  <div class='ocr_page' id='page_1' title='image "./orationesexrece03demogoog_0383.png"; bbox 0 0 2340 3894; ppageno 0'>
   <div class='ocr_carea' id='block_1_1' title="bbox 140 151 898 267">
    <p class='ocr_par' dir='ltr' id='par_1_1' title="bbox 140 151 898 267">
     <span class='ocr_line' id='line_1_1' title="bbox 140 151 898 267; baseline -0.004 0"><span class='ocrx_word' id='word_1_1' title='bbox 140 201 208 267; x_wconf 78' lang='grc' dir='ltr'><strong><em>τσι</em></strong></span> <span class='ocrx_word' id='word_1_2' title='bbox 342 151 442 262; x_wconf 71' lang='grc' dir='ltr'><strong><em>τνιά</em></strong></span> <span class='ocrx_word' id='word_1_3' title='bbox 478 200 898 264; x_wconf 69' lang='grc' dir='ltr'><strong><em>Δεαοαεααοοε</em></strong></span> 
     </span>
    </p>
   </div>
   <div class='ocr_carea' id='block_1_2' title="bbox 142 358 1103 748">
    <p class='ocr_par' dir='ltr' id='par_1_2' title="bbox 142 358 1103 748">
     <span class='ocr_line' id='line_1_2' title="bbox 142 358 1099 452; baseline 0 -20"><span class='ocrx_word' id='word_1_4' title='bbox 142 367 318 452; x_wconf 70' lang='grc' dir='ltr'><strong><em>κειμένους</em></strong></span> <span class='ocrx_word' id='word_1_5' title='bbox 326 359 478 448; x_wconf 81' lang='grc' dir='ltr'><strong><em>άγαθοδς</em></strong></span> <span class='ocrx_word' id='word_1_6' title='bbox 488 364 628 449; x_wconf 83' lang='grc' dir='ltr'><strong><em>ἄνδρας,</em></strong></span> <span class='ocrx_word' id='word_1_7' title='bbox 641 358 701 442; x_wconf 72' lang='grc' dir='ltr'><strong><em>οὓς</em></strong></span> <span class='ocrx_word' id='word_1_8' title='bbox 711 362 861 443; x_wconf 73' lang='grc' dir='ltr'><strong><em>ἅπαντας</em></strong></span> <span class='ocrx_word' id='word_1_9' title='bbox 870 359 1025 451; x_wconf 78' lang='grc' dir='ltr'><strong><em>ὁμοίωςὴ</em></strong></span> <span class='ocrx_word' id='word_1_10' title='bbox 1038 387 1099 432; x_wconf 73' lang='grc' dir='ltr'><strong><em>πο·</em></strong></span> 
     </span>
     <span class='ocr_line' id='line_1_3' title="bbox 143 461 1101 550; baseline -0.005 -16"><span class='ocrx_word' id='word_1_11' title='bbox 143 461 555 550; x_wconf 77' lang='grc' dir='ltr'><strong><em>λιςτηςαάτῆςάξιάσασα</em></strong></span> <span class='ocrx_word' id='word_1_12' title='bbox 571 470 667 548; x_wconf 79' lang='grc' dir='ltr'><strong><em>τιμῆς</em></strong></span> <span class='ocrx_word' id='word_1_13' title='bbox 682 468 827 548; x_wconf 73' lang='grc' dir='ltr'><strong><em>ἔθαψεν,</em></strong></span> <span class='ocrx_word' id='word_1_14' title='bbox 848 468 1007 548; x_wconf 79' lang='grc' dir='ltr'><strong><em>Αίσηίνη,</em></strong></span> <span class='ocrx_word' id='word_1_15' title='bbox 1028 461 1101 547; x_wconf 74' lang='grc' dir='ltr'><strong><em>οὐχὶ</em></strong></span> 
     </span>
     <span class='ocr_line' id='line_1_4' title="bbox 142 559 1103 647; baseline -0.001 -17"><span class='ocrx_word' id='word_1_16' title='bbox 142 561 223 641; x_wconf 77' lang='grc' dir='ltr'><strong><em>τούς</em></strong></span> <span class='ocrx_word' id='word_1_17' title='bbox 237 562 519 647; x_wconf 75' lang='grc' dir='ltr'><strong><em>κατορθώσαντας</em></strong></span> <span class='ocrx_word' id='word_1_18' title='bbox 535 560 649 629; x_wconf 77' lang='grc' dir='ltr'><strong><em>αὐτῶν</em></strong></span> <span class='ocrx_word' id='word_1_19' title='bbox 669 559 750 630; x_wconf 75' lang='grc' dir='ltr'><strong><em>οὐδὲ</em></strong></span> <span class='ocrx_word' id='word_1_20' title='bbox 772 560 852 640; x_wconf 81' lang='grc' dir='ltr'><strong><em>τοός</em></strong></span> <span class='ocrx_word' id='word_1_21' title='bbox 870 560 1103 646; x_wconf 72' lang='grc' dir='ltr'><strong><em>κρατήσαντας</em></strong></span> 
     </span>
     <span class='ocr_line' id='line_1_5' title="bbox 143 651 1102 748; baseline -0.005 -17"><span class='ocrx_word' id='word_1_22' title='bbox 143 660 277 748; x_wconf 88' lang='grc' dir='ltr'><strong><em>μόνους.</em></strong></span> <span class='ocrx_word' id='word_1_23' title='bbox 313 658 456 740; x_wconf 87' lang='grc' dir='ltr'><strong><em>δικαίως.</em></strong></span> <span class='ocrx_word' id='word_1_24' title='bbox 490 659 589 746; x_wconf 71' lang='grc' dir='ltr'><strong><em>ὃμὲν</em></strong></span> <span class='ocrx_word' id='word_1_25' title='bbox 603 651 727 745; x_wconf 78' lang='grc' dir='ltr'><strong><em>γὰρῆν</em></strong></span> <span class='ocrx_word' id='word_1_26' title='bbox 744 657 879 744; x_wconf 79' lang='grc' dir='ltr'><strong><em>άνδριόν</em></strong></span> <span class='ocrx_word' id='word_1_27' title='bbox 891 657 1034 743; x_wconf 75' lang='grc' dir='ltr'><strong><em>ἀγαθάν</em></strong></span> <span class='ocrx_word' id='word_1_28' title='bbox 1048 663 1102 745; x_wconf 78' lang='grc' dir='ltr'><strong><em>ἔρ-</em></strong></span> 
     </span>
    </p>
   </div>
   <div class='ocr_carea' id='block_1_3' title="bbox 51 848 1147 3509">
    <p class='ocr_par' dir='ltr' id='par_1_3' title="bbox 74 848 1102 1638">
     <span class='ocr_line' id='line_1_6' title="bbox 81 848 1101 946; baseline -0.006 -17"><span class='ocrx_word' id='word_1_29' title='bbox 81 871 207 946; x_wconf 58' lang='lat' dir='ltr'><strong><em>manv</em></strong></span> <span class='ocrx_word' id='word_1_30' title='bbox 225 861 391 946; x_wconf 78' lang='grc' dir='ltr'><strong><em>ἑκάστοις,</em></strong></span> <span class='ocrx_word' id='word_1_31' title='bbox 412 861 517 946; x_wconf 80' lang='grc' dir='ltr'><strong><em>ταύτῃ</em></strong></span> <span class='ocrx_word' id='word_1_32' title='bbox 532 863 715 945; x_wconf 79' lang='grc' dir='ltr'><strong><em>κέχρηνται.</em></strong></span> <span class='ocrx_word' id='word_1_33' title='bbox 752 854 865 942; x_wconf 80' lang='grc' dir='ltr'><strong><em>ἔπειτ’,</em></strong></span> <span class='ocrx_word' id='word_1_34' title='bbox 888 848 916 922; x_wconf 81' lang='grc' dir='ltr'><strong><em>ό</em></strong></span> <span class='ocrx_word' id='word_1_35' title='bbox 937 857 1101 939; x_wconf 83' lang='grc' dir='ltr'><strong><em>κατάρατε</em></strong></span> 
     </span>
     <span class='ocr_line' id='line_1_7' title="bbox 144 954 1101 1044; baseline -0.005 -18"><span class='ocrx_word' id='word_1_36' title='bbox 144 961 200 1027; x_wconf 79' lang='grc' dir='ltr'><strong><em>καί</em></strong></span> <span class='ocrx_word' id='word_1_37' title='bbox 216 960 528 1044; x_wconf 79' lang='grc' dir='ltr'><strong><em>γραμματοκύφων,</em></strong></span> <span class='ocrx_word' id='word_1_38' title='bbox 549 976 594 1025; x_wconf 92' lang='grc' dir='ltr'><strong><em>σν</em></strong></span> <span class='ocrx_word' id='word_1_39' title='bbox 582 954 671 1042; x_wconf 72' lang='grc' dir='ltr'><strong><em>μέν</em></strong></span> <span class='ocrx_word' id='word_1_40' title='bbox 686 964 745 1042; x_wconf 80' lang='grc' dir='ltr'><strong><em>τῆς</em></strong></span> <span class='ocrx_word' id='word_1_41' title='bbox 755 979 844 1039; x_wconf 88' lang='grc' dir='ltr'><strong><em>παρα</em></strong></span> <span class='ocrx_word' id='word_1_42' title='bbox 834 955 998 1023; x_wconf 78' lang='grc' dir='ltr'><strong><em>τουτωνί</em></strong></span> <span class='ocrx_word' id='word_1_43' title='bbox 1007 963 1101 1041; x_wconf 80' lang='grc' dir='ltr'><strong><em>τιμῆς</em></strong></span> 
     </span>
     <span class='ocr_line' id='line_1_8' title="bbox 144 1053 1090 1147; baseline 0.001 -23"><span class='ocrx_word' id='word_1_44' title='bbox 144 1060 200 1124; x_wconf 81' lang='grc' dir='ltr'><strong><em>καὶ</em></strong></span> <span class='ocrx_word' id='word_1_45' title='bbox 216 1063 473 1141; x_wconf 77' lang='grc' dir='ltr'><strong><em>φιλανθρωπίας</em></strong></span> <span class='ocrx_word' id='word_1_46' title='bbox 489 1054 540 1140; x_wconf 80' lang='grc' dir='ltr'><strong><em>ἔμ’</em></strong></span> <span class='ocrx_word' id='word_1_47' title='bbox 560 1053 785 1147; x_wconf 73' lang='grc' dir='ltr'><strong><em>ἀποστερῆσαι</em></strong></span> <span class='ocrx_word' id='word_1_48' title='bbox 800 1055 1008 1143; x_wconf 82' lang='grc' dir='ltr'><strong><em>βουλόμενος</em></strong></span> <span class='ocrx_word' id='word_1_49' title='bbox 1023 1055 1090 1139; x_wconf 86' lang='grc' dir='ltr'><strong><em>τρό</em></strong></span> 
     </span>
     <span class='ocr_line' id='line_1_9' title="bbox 144 1145 1102 1240; baseline -0.003 -18"><span class='ocrx_word' id='word_1_50' title='bbox 144 1178 225 1222; x_wconf 89' lang='grc' dir='ltr'><strong><em>παια</em></strong></span> <span class='ocrx_word' id='word_1_51' title='bbox 235 1157 291 1222; x_wconf 80' lang='grc' dir='ltr'><strong><em>καί</em></strong></span> <span class='ocrx_word' id='word_1_52' title='bbox 300 1153 404 1240; x_wconf 84' lang='grc' dir='ltr'><strong><em>μάχας</em></strong></span> <span class='ocrx_word' id='word_1_53' title='bbox 414 1155 469 1222; x_wconf 84' lang='grc' dir='ltr'><strong><em>καὶ</em></strong></span> <span class='ocrx_word' id='word_1_54' title='bbox 480 1152 602 1222; x_wconf 86' lang='grc' dir='ltr'><strong><em>παλαιά</em></strong></span> <span class='ocrx_word' id='word_1_55' title='bbox 613 1159 694 1238; x_wconf 77' lang='grc' dir='ltr'><strong><em>ἔργα</em></strong></span> <span class='ocrx_word' id='word_1_56' title='bbox 704 1145 864 1239; x_wconf 79' lang='grc' dir='ltr'><strong><em>ἔλεγες,</em></strong></span> <span class='ocrx_word' id='word_1_57' title='bbox 835 1179 885 1220; x_wconf 91' lang='grc' dir='ltr'><strong><em>ων</em></strong></span> <span class='ocrx_word' id='word_1_58' title='bbox 894 1158 985 1231; x_wconf 90' lang='grc' dir='ltr'><strong><em>τίνος</em></strong></span> <span class='ocrx_word' id='word_1_59' title='bbox 996 1174 1102 1237; x_wconf 87' lang='grc' dir='ltr'><strong><em>προσ-</em></strong></span> 
     </span>
     <span class='ocr_line' id='line_1_10' title="bbox 144 1245 1102 1338; baseline -0.004 -16"><span class='ocrx_word' id='word_1_60' title='bbox 144 1250 287 1322; x_wconf 68' lang='grc' dir='ltr'><strong><em>εδεῖτο’</em></strong></span> <span class='ocrx_word' id='word_1_61' title='bbox 272 1279 290 1320; x_wconf 92' lang='grc' dir='ltr'><strong><em>ο</em></strong></span> <span class='ocrx_word' id='word_1_62' title='bbox 313 1252 430 1337; x_wconf 77' lang='grc' dir='ltr'><strong><em>παρόν</em></strong></span> <span class='ocrx_word' id='word_1_63' title='bbox 452 1251 544 1338; x_wconf 83' lang='grc' dir='ltr'><strong><em>άγόν</em></strong></span> <span class='ocrx_word' id='word_1_64' title='bbox 561 1249 700 1333; x_wconf 75' lang='grc' dir='ltr'><strong><em>οὑτοσίς</em></strong></span> <span class='ocrx_word' id='word_1_65' title='bbox 698 1253 769 1338; x_wconf 74' lang='grc' dir='ltr'><strong><em>ἐμὲ</em></strong></span> <span class='ocrx_word' id='word_1_66' title='bbox 785 1255 838 1338; x_wconf 70' lang='grc' dir='ltr'><strong><em>δὲ,</em></strong></span> <span class='ocrx_word' id='word_1_67' title='bbox 861 1245 1102 1337; x_wconf 79' lang='grc' dir='ltr'><strong><em>άτριταγωνι-</em></strong></span> 
     </span>
     <span class='ocr_line' id='line_1_11' title="bbox 144 1349 1101 1438; baseline -0.002 -17"><span class='ocrx_word' id='word_1_68' title='bbox 144 1352 224 1436; x_wconf 86' lang='grc' dir='ltr'><strong><em>στά,</em></strong></span> <span class='ocrx_word' id='word_1_69' title='bbox 262 1349 324 1419; x_wconf 85' lang='grc' dir='ltr'><strong><em>τόν</em></strong></span> <span class='ocrx_word' id='word_1_70' title='bbox 350 1354 424 1436; x_wconf 83' lang='grc' dir='ltr'><strong><em>περὶ</em></strong></span> <span class='ocrx_word' id='word_1_71' title='bbox 446 1378 515 1421; x_wconf 86' lang='grc' dir='ltr'><strong><em>των</em></strong></span> <span class='ocrx_word' id='word_1_72' title='bbox 536 1361 708 1434; x_wconf 89' lang='grc' dir='ltr'><strong><em>πρωτείων</em></strong></span> <span class='ocrx_word' id='word_1_73' title='bbox 729 1351 924 1437; x_wconf 80' lang='grc' dir='ltr'><strong><em>σύμβουλον</em></strong></span> <span class='ocrx_word' id='word_1_74' title='bbox 944 1359 987 1438; x_wconf 76' lang='grc' dir='ltr'><strong><em>τῇ</em></strong></span> <span class='ocrx_word' id='word_1_75' title='bbox 1007 1351 1101 1419; x_wconf 84' lang='grc' dir='ltr'><strong><em>πόλει</em></strong></span> 
     </span>
     <span class='ocr_line' id='line_1_12' title="bbox 144 1448 1099 1539; baseline -0.002 -19"><span class='ocrx_word' id='word_1_76' title='bbox 144 1453 306 1539; x_wconf 81' lang='grc' dir='ltr'><strong><em>παριόντα</em></strong></span> <span class='ocrx_word' id='word_1_77' title='bbox 319 1453 356 1520; x_wconf 88' lang='grc' dir='ltr'><strong><em>τό</em></strong></span> <span class='ocrx_word' id='word_1_78' title='bbox 368 1461 457 1530; x_wconf 89' lang='grc' dir='ltr'><strong><em>τίνος</em></strong></span> <span class='ocrx_word' id='word_1_79' title='bbox 468 1451 625 1537; x_wconf 89' lang='grc' dir='ltr'><strong><em>φρόνημα</em></strong></span> <span class='ocrx_word' id='word_1_80' title='bbox 637 1449 774 1536; x_wconf 81' lang='grc' dir='ltr'><strong><em>λαβόντ’</em></strong></span> <span class='ocrx_word' id='word_1_81' title='bbox 788 1448 984 1535; x_wconf 75' lang='grc' dir='ltr'><strong><em>ἀναβαίνειν</em></strong></span> <span class='ocrx_word' id='word_1_82' title='bbox 994 1453 1048 1518; x_wconf 78' lang='grc' dir='ltr'><strong><em>ἐπὶ</em></strong></span> <span class='ocrx_word' id='word_1_83' title='bbox 1064 1449 1099 1518; x_wconf 87' lang='grc' dir='ltr'><strong><em>τό</em></strong></span> 
     </span>
     <span class='ocr_line' id='line_1_13' title="bbox 74 1546 1100 1638; baseline 0.006 -26"><span class='ocrx_word' id='word_1_84' title='bbox 74 1559 137 1625; x_wconf 61' lang='grc'><strong><em>,110</em></strong></span> <span class='ocrx_word' id='word_1_85' title='bbox 144 1549 223 1638; x_wconf 80' lang='grc' dir='ltr'><strong><em>βῆμ’</em></strong></span> <span class='ocrx_word' id='word_1_86' title='bbox 246 1555 329 1631; x_wconf 67' lang='grc' dir='ltr'><strong><em>ἔδεις</em></strong></span> <span class='ocrx_word' id='word_1_87' title='bbox 351 1547 388 1618; x_wconf 88' lang='grc' dir='ltr'><strong><em>τδ</em></strong></span> <span class='ocrx_word' id='word_1_88' title='bbox 405 1557 466 1617; x_wconf 85' lang='grc' dir='ltr'><strong><em>τοῦ</em></strong></span> <span class='ocrx_word' id='word_1_89' title='bbox 482 1549 612 1617; x_wconf 80' lang='grc' dir='ltr'><strong><em>τούτων</em></strong></span> <span class='ocrx_word' id='word_1_90' title='bbox 632 1546 944 1632; x_wconf 52' lang='grc' dir='ltr'><strong><em>ἀνάξιαιέροῦντοςς</em></strong></span> <span class='ocrx_word' id='word_1_91' title='bbox 968 1554 1100 1628; x_wconf 85' lang='grc' dir='ltr'><strong><em>δικαίως</em></strong></span> 
     </span>
    </p>

    <p class='ocr_par' dir='ltr' id='par_1_4' title="bbox 51 1640 1147 3017">
     <span class='ocr_line' id='line_1_14' title="bbox 143 1640 1147 1735; baseline 0 -19"><span class='ocrx_word' id='word_1_92' title='bbox 143 1647 268 1735; x_wconf 84' lang='grc' dir='ltr'><strong><em>μέντάν</em></strong></span> <span class='ocrx_word' id='word_1_93' title='bbox 279 1648 460 1729; x_wconf 80' lang='grc' dir='ltr'><strong><em>ἀπέθανον.</em></strong></span> <span class='ocrx_word' id='word_1_94' title='bbox 485 1651 554 1717; x_wconf 79' lang='grc' dir='ltr'><strong><em>ἐπεὶ</em></strong></span> <span class='ocrx_word' id='word_1_95' title='bbox 562 1645 635 1717; x_wconf 82' lang='grc' dir='ltr'><strong><em>οὐδ’</em></strong></span> <span class='ocrx_word' id='word_1_96' title='bbox 650 1640 1147 1735; x_wconf 75' lang='grc' dir='ltr'><strong><em>δμᾶς,οόάνδρεςἏθηναῖοι,λ98</em></strong></span> 
     </span>
     <span class='ocr_line' id='line_1_15' title="bbox 143 1745 1098 1834; baseline 0 -19"><span class='ocrx_word' id='word_1_97' title='bbox 143 1745 209 1816; x_wconf 88' lang='grc' dir='ltr'><strong><em>άπὸ</em></strong></span> <span class='ocrx_word' id='word_1_98' title='bbox 223 1756 283 1834; x_wconf 79' lang='grc' dir='ltr'><strong><em>τῆς</em></strong></span> <span class='ocrx_word' id='word_1_99' title='bbox 294 1745 396 1834; x_wconf 75' lang='grc' dir='ltr'><strong><em>αὐτῆς</em></strong></span> <span class='ocrx_word' id='word_1_100' title='bbox 407 1753 553 1825; x_wconf 79' lang='grc' dir='ltr'><strong><em>διανοίας</em></strong></span> <span class='ocrx_word' id='word_1_101' title='bbox 563 1750 617 1815; x_wconf 82' lang='grc' dir='ltr'><strong><em>δεῖ</em></strong></span> <span class='ocrx_word' id='word_1_102' title='bbox 628 1748 686 1825; x_wconf 89' lang='grc' dir='ltr'><strong><em>τάς</em></strong></span> <span class='ocrx_word' id='word_1_103' title='bbox 702 1771 738 1814; x_wconf 86' lang='grc' dir='ltr'><strong><em>τε</em></strong></span> <span class='ocrx_word' id='word_1_104' title='bbox 757 1750 842 1825; x_wconf 90' lang='grc' dir='ltr'><strong><em>ίδίας</em></strong></span> <span class='ocrx_word' id='word_1_105' title='bbox 859 1751 952 1825; x_wconf 79' lang='grc' dir='ltr'><strong><em>δίκας</em></strong></span> <span class='ocrx_word' id='word_1_106' title='bbox 967 1750 1026 1814; x_wconf 78' lang='grc' dir='ltr'><strong><em>καί</em></strong></span> <span class='ocrx_word' id='word_1_107' title='bbox 1042 1745 1098 1827; x_wconf 81' lang='grc' dir='ltr'><strong><em>τάς</em></strong></span> 
     </span>
     <span class='ocr_line' id='line_1_16' title="bbox 144 1841 1098 1932; baseline -0.002 -18"><span class='ocrx_word' id='word_1_108' title='bbox 144 1851 303 1931; x_wconf 76' lang='grc' dir='ltr'><strong><em>δημοσίας</em></strong></span> <span class='ocrx_word' id='word_1_109' title='bbox 317 1853 460 1931; x_wconf 86' lang='grc' dir='ltr'><strong><em>κρίνειν,</em></strong></span> <span class='ocrx_word' id='word_1_110' title='bbox 482 1843 565 1913; x_wconf 85' lang='grc' dir='ltr'><strong><em>άλλόι</em></strong></span> <span class='ocrx_word' id='word_1_111' title='bbox 581 1843 622 1912; x_wconf 84' lang='grc' dir='ltr'><strong><em>τά</em></strong></span> <span class='ocrx_word' id='word_1_112' title='bbox 640 1846 702 1930; x_wconf 77' lang='grc' dir='ltr'><strong><em>μὲν</em></strong></span> <span class='ocrx_word' id='word_1_113' title='bbox 716 1853 779 1912; x_wconf 79' lang='grc' dir='ltr'><strong><em>τοῦ</em></strong></span> <span class='ocrx_word' id='word_1_114' title='bbox 790 1843 872 1913; x_wconf 84' lang='grc' dir='ltr'><strong><em>καθ’</em></strong></span> <span class='ocrx_word' id='word_1_115' title='bbox 882 1841 1016 1932; x_wconf 79' lang='grc' dir='ltr'><strong><em>ἡμέραν</em></strong></span> <span class='ocrx_word' id='word_1_116' title='bbox 1024 1853 1098 1932; x_wconf 89' lang='grc' dir='ltr'><strong><em>βίον</em></strong></span> 
     </span>
     <span class='ocr_line' id='line_1_17' title="bbox 51 1943 1098 2029; baseline 0.002 -19"><span class='ocrx_word' id='word_1_117' title='bbox 51 2011 54 2017; x_wconf 79' lang='grc'><strong><em>,</em></strong></span> <span class='ocrx_word' id='word_1_118' title='bbox 144 1945 332 2029; x_wconf 78' lang='grc' dir='ltr'><strong><em>συμβόλαια</em></strong></span> <span class='ocrx_word' id='word_1_119' title='bbox 347 1947 400 2011; x_wconf 75' lang='grc' dir='ltr'><strong><em>ἐπὶ</em></strong></span> <span class='ocrx_word' id='word_1_120' title='bbox 416 1952 485 2011; x_wconf 76' lang='grc' dir='ltr'><strong><em>τάν</em></strong></span> <span class='ocrx_word' id='word_1_121' title='bbox 504 1948 598 2010; x_wconf 91' lang='grc' dir='ltr'><strong><em>ίδίων</em></strong></span> <span class='ocrx_word' id='word_1_122' title='bbox 614 1943 730 2028; x_wconf 89' lang='grc' dir='ltr'><strong><em>νόμων</em></strong></span> <span class='ocrx_word' id='word_1_123' title='bbox 740 1946 796 2010; x_wconf 76' lang='grc' dir='ltr'><strong><em>καί</em></strong></span> <span class='ocrx_word' id='word_1_124' title='bbox 808 1949 915 2028; x_wconf 78' lang='grc' dir='ltr'><strong><em>ἔργων</em></strong></span> <span class='ocrx_word' id='word_1_125' title='bbox 928 1953 1098 2014; x_wconf 79' lang='grc' dir='ltr'><strong><em>σκοποῦν-</em></strong></span> 
     </span>
     <span class='ocr_line' id='line_1_18' title="bbox 142 2038 1097 2130; baseline 0.001 -22"><span class='ocrx_word' id='word_1_126' title='bbox 142 2066 217 2124; x_wconf 91' lang='grc' dir='ltr'><strong><em>τας,</em></strong></span> <span class='ocrx_word' id='word_1_127' title='bbox 241 2041 301 2118; x_wconf 83' lang='grc' dir='ltr'><strong><em>τάς</em></strong></span> <span class='ocrx_word' id='word_1_128' title='bbox 317 2043 353 2106; x_wconf 79' lang='grc' dir='ltr'><strong><em>δὲ</em></strong></span> <span class='ocrx_word' id='word_1_129' title='bbox 369 2038 484 2118; x_wconf 85' lang='grc' dir='ltr'><strong><em>κοινάς</em></strong></span> <span class='ocrx_word' id='word_1_130' title='bbox 501 2042 755 2125; x_wconf 84' lang='grc' dir='ltr'><strong><em>προαιρέσειςί</em></strong></span> <span class='ocrx_word' id='word_1_131' title='bbox 725 2066 771 2119; x_wconf 88' lang='grc' dir='ltr'><strong><em>ες</em></strong></span> <span class='ocrx_word' id='word_1_132' title='bbox 741 2040 827 2109; x_wconf 86' lang='grc' dir='ltr'><strong><em>ίτά</em></strong></span> <span class='ocrx_word' id='word_1_133' title='bbox 838 2048 906 2109; x_wconf 80' lang='grc' dir='ltr'><strong><em>τεόν</em></strong></span> <span class='ocrx_word' id='word_1_134' title='bbox 917 2043 1097 2130; x_wconf 86' lang='grc' dir='ltr'><strong><em>προγόνων</em></strong></span> 
     </span>
     <span class='ocr_line' id='line_1_19' title="bbox 143 2136 1098 2230; baseline 0.004 -25"><span class='ocrx_word' id='word_1_135' title='bbox 143 2136 575 2226; x_wconf 78' lang='grc' dir='ltr'><strong><em>άξεόματαάποβλέποντας.</em></strong></span> <span class='ocrx_word' id='word_1_136' title='bbox 592 2139 1098 2230; x_wconf 75' lang='grc' dir='ltr'><strong><em>καίπαραλαμβάνεινγεάματη</em></strong></span> 
     </span>
     <span class='ocr_line' id='line_1_20' title="bbox 142 2236 1098 2359; baseline 0.003 -54"><span class='ocrx_word' id='word_1_137' title='bbox 142 2244 303 2349; x_wconf 80' lang='grc' dir='ltr'><strong><em>βακτηρία</em></strong></span> <span class='ocrx_word' id='word_1_138' title='bbox 321 2240 376 2306; x_wconf 78' lang='grc' dir='ltr'><strong><em>καὶ</em></strong></span> <span class='ocrx_word' id='word_1_139' title='bbox 392 2262 438 2327; x_wconf 85' lang='grc' dir='ltr'><strong><em>τφ</em></strong></span> <span class='ocrx_word' id='word_1_140' title='bbox 457 2237 614 2326; x_wconf 80' lang='grc' dir='ltr'><strong><em>συμβόλῳ</em></strong></span> <span class='ocrx_word' id='word_1_141' title='bbox 630 2236 668 2305; x_wconf 88' lang='grc' dir='ltr'><strong><em>τό</em></strong></span> <span class='ocrx_word' id='word_1_142' title='bbox 667 2238 842 2359; x_wconf 86' lang='grc' dir='ltr'><strong><em>φρόνημα</em></strong></span> <span class='ocrx_word' id='word_1_143' title='bbox 854 2238 892 2306; x_wconf 85' lang='grc' dir='ltr'><strong><em>τό</em></strong></span> <span class='ocrx_word' id='word_1_144' title='bbox 904 2247 963 2324; x_wconf 83' lang='grc' dir='ltr'><strong><em>τῆς</em></strong></span> <span class='ocrx_word' id='word_1_145' title='bbox 973 2240 1098 2318; x_wconf 87' lang='grc' dir='ltr'><strong><em>πόλεως</em></strong></span> 
     </span>
     <span class='ocr_line' id='line_1_21' title="bbox 87 2319 1098 2425; baseline 0 -21"><span class='ocrx_word' id='word_1_146' title='bbox 87 2347 90 2353; x_wconf 80' lang='grc'><strong><em>’</em></strong></span> <span class='ocrx_word' id='word_1_147' title='bbox 141 2319 317 2424; x_wconf 79' lang='grc' dir='ltr'><strong><em>νομίζειν“</em></strong></span> <span class='ocrx_word' id='word_1_148' title='bbox 299 2356 441 2406; x_wconf 85' lang='grc' dir='ltr'><strong><em>εκαστον</em></strong></span> <span class='ocrx_word' id='word_1_149' title='bbox 461 2335 558 2424; x_wconf 79' lang='grc' dir='ltr'><strong><em>ὑμῶν</em></strong></span> <span class='ocrx_word' id='word_1_150' title='bbox 575 2335 684 2422; x_wconf 78' lang='grc' dir='ltr'><strong><em>δεῑ,”</em></strong></span> <span class='ocrx_word' id='word_1_151' title='bbox 664 2362 747 2406; x_wconf 88' lang='grc' dir='ltr'><strong><em>οταν</em></strong></span> <span class='ocrx_word' id='word_1_152' title='bbox 761 2364 802 2405; x_wconf 89' lang='grc' dir='ltr'><strong><em>τα</em></strong></span> <span class='ocrx_word' id='word_1_153' title='bbox 791 2336 963 2425; x_wconf 88' lang='grc' dir='ltr'><strong><em>δημόσια</em></strong></span> <span class='ocrx_word' id='word_1_154' title='bbox 981 2345 1098 2425; x_wconf 82' lang='grc' dir='ltr'><strong><em>είσίητε</em></strong></span> 
     </span>
     <span class='ocr_line' id='line_1_22' title="bbox 140 2436 1096 2523; baseline -0.002 -19"><span class='ocrx_word' id='word_1_155' title='bbox 140 2446 446 2523; x_wconf 82' lang='grc' dir='ltr'><strong><em>κρινουντες,είπερ</em></strong></span> <span class='ocrx_word' id='word_1_156' title='bbox 455 2436 529 2517; x_wconf 81' lang='grc' dir='ltr'><strong><em>αξια</em></strong></span> <span class='ocrx_word' id='word_1_157' title='bbox 538 2440 675 2505; x_wconf 80' lang='grc' dir='ltr'><strong><em>ἐκείνων</em></strong></span> <span class='ocrx_word' id='word_1_158' title='bbox 684 2460 839 2522; x_wconf 88' lang='grc' dir='ltr'><strong><em>πραττειν</em></strong></span> <span class='ocrx_word' id='word_1_159' title='bbox 849 2445 964 2505; x_wconf 81' lang='grc' dir='ltr'><strong><em>οίεσθε</em></strong></span> <span class='ocrx_word' id='word_1_160' title='bbox 971 2462 1096 2523; x_wconf 84' lang='grc' dir='ltr'><strong><em>χρηναι</em></strong></span> 
     </span>
     <span class='ocr_line' id='line_1_23' title="bbox 80 2533 1097 2622; baseline 0 -19"><span class='ocrx_word' id='word_1_161' title='bbox 80 2559 132 2613; x_wconf 76' lang='lat'><strong><em>²11</em></strong></span> <span class='ocrx_word' id='word_1_162' title='bbox 223 2533 318 2603; x_wconf 85' lang='grc' dir='ltr'><strong><em>’Λλλά</em></strong></span> <span class='ocrx_word' id='word_1_163' title='bbox 336 2534 401 2620; x_wconf 84' lang='grc' dir='ltr'><strong><em>γάρ</em></strong></span> <span class='ocrx_word' id='word_1_164' title='bbox 417 2533 619 2621; x_wconf 77' lang='grc' dir='ltr'><strong><em>ἐμπεσόνί</em></strong></span> <span class='ocrx_word' id='word_1_165' title='bbox 588 2562 634 2615; x_wconf 89' lang='grc' dir='ltr'><strong><em>ες</em></strong></span> <span class='ocrx_word' id='word_1_166' title='bbox 650 2561 691 2603; x_wconf 93' lang='grc' dir='ltr'><strong><em>τα</em></strong></span> <span class='ocrx_word' id='word_1_167' title='bbox 678 2533 920 2622; x_wconf 85' lang='grc' dir='ltr'><strong><em>πεπραγμένα</em></strong></span> <span class='ocrx_word' id='word_1_168' title='bbox 930 2549 1001 2614; x_wconf 78' lang='grc' dir='ltr'><strong><em>τοῖς</em></strong></span> <span class='ocrx_word' id='word_1_169' title='bbox 1015 2559 1097 2619; x_wconf 83' lang='grc' dir='ltr'><strong><em>προ-</em></strong></span> 
     </span>
     <span class='ocr_line' id='line_1_24' title="bbox 140 2630 1096 2720; baseline 0.002 -21"><span class='ocrx_word' id='word_1_170' title='bbox 140 2633 255 2717; x_wconf 89' lang='grc' dir='ltr'><strong><em>γόνοις</em></strong></span> <span class='ocrx_word' id='word_1_171' title='bbox 279 2630 375 2717; x_wconf 72' lang='grc' dir='ltr'><strong><em>ὑμῶν</em></strong></span> <span class='ocrx_word' id='word_1_172' title='bbox 397 2638 487 2701; x_wconf 81' lang='grc' dir='ltr'><strong><em>ἔστιν</em></strong></span> <span class='ocrx_word' id='word_1_173' title='bbox 508 2632 529 2701; x_wconf 78' lang='grc' dir='ltr'><em>ἃ</em></span> <span class='ocrx_word' id='word_1_174' title='bbox 550 2642 617 2701; x_wconf 76' lang='grc' dir='ltr'><strong><em>τῶν</em></strong></span> <span class='ocrx_word' id='word_1_175' title='bbox 638 2633 860 2720; x_wconf 77' lang='grc' dir='ltr'><strong><em>ψηφισμάτων</em></strong></span> <span class='ocrx_word' id='word_1_176' title='bbox 876 2636 1029 2720; x_wconf 82' lang='grc' dir='ltr'><strong><em>παρέβην</em></strong></span> <span class='ocrx_word' id='word_1_177' title='bbox 1045 2635 1096 2701; x_wconf 71' lang='grc' dir='ltr'><strong><em>καὶ</em></strong></span> 
     </span>
     <span class='ocr_line' id='line_1_25' title="bbox 140 2725 1093 2818; baseline 0.004 -21"><span class='ocrx_word' id='word_1_178' title='bbox 140 2735 210 2797; x_wconf 77' lang='grc' dir='ltr'><strong><em>τῶν</em></strong></span> <span class='ocrx_word' id='word_1_179' title='bbox 226 2732 453 2814; x_wconf 79' lang='grc' dir='ltr'><strong><em>πραχθέντων.</em></strong></span> <span class='ocrx_word' id='word_1_180' title='bbox 487 2735 684 2800; x_wconf 75' lang='grc' dir='ltr'><strong><em>ἐπανελθεῖν</em></strong></span> <span class='ocrx_word' id='word_1_181' title='bbox 701 2725 781 2818; x_wconf 81' lang='grc' dir='ltr'><strong><em>οὖν,</em></strong></span> <span class='ocrx_word' id='word_1_182' title='bbox 805 2730 933 2802; x_wconf 84' lang='grc' dir='ltr'><strong><em>ὁπόθεν</em></strong></span> <span class='ocrx_word' id='word_1_183' title='bbox 945 2739 992 2811; x_wconf 89' lang='grc' dir='ltr'><strong><em>είς</em></strong></span> <span class='ocrx_word' id='word_1_184' title='bbox 1001 2729 1093 2801; x_wconf 79' lang='grc' dir='ltr'><strong><em>ταῦτ’</em></strong></span> 
     </span>
     <span class='ocr_line' id='line_1_26' title="bbox 140 2827 1102 2913; baseline -0.002 -18"><span class='ocrx_word' id='word_1_185' title='bbox 140 2828 271 2912; x_wconf 79' lang='grc' dir='ltr'><strong><em>έξέβην,</em></strong></span> <span class='ocrx_word' id='word_1_186' title='bbox 285 2827 480 2913; x_wconf 79' lang='grc' dir='ltr'><strong><em>βούλομαι.</em></strong></span> <span class='ocrx_word' id='word_1_187' title='bbox 1097 2875 1102 2893; x_wconf 89' lang='grc'><strong><em>.</em></strong></span> 
     </span>
     <span class='ocr_line' id='line_1_27' title="bbox 219 2922 1096 3017; baseline 0.006 -26.04"><span class='ocrx_word' id='word_1_188' title='bbox 219 2922 327 3002; x_wconf 74' lang='grc' dir='ltr'><strong><em>Ως</em></strong></span> <span class='ocrx_word' id='word_1_189' title='bbox 287 2950 351 3009; x_wconf 91' lang='grc' dir='ltr'><strong><em>γαρ</em></strong></span> <span class='ocrx_word' id='word_1_190' title='bbox 363 2923 583 3012; x_wconf 85' lang='grc' dir='ltr'><strong><em>αφιιιομεθ</em></strong></span> <span class='ocrx_word' id='word_1_191' title='bbox 568 2934 684 3009; x_wconf 90' lang='grc' dir='ltr'><strong><em>ςτας</em></strong></span> <span class='ocrx_word' id='word_1_192' title='bbox 696 2931 824 3017; x_wconf 75' lang='grc' dir='ltr'><strong><em>Θηβας</em></strong></span> <span class='ocrx_word' id='word_1_193' title='bbox 845 2931 1096 3017; x_wconf 84' lang='grc' dir='ltr'><strong><em>κατελαμβάνο-</em></strong></span> 
     </span>
    </p>

    <p class='ocr_par' dir='ltr' id='par_1_5' title="bbox 57 3026 1145 3509">
     <span class='ocr_line' id='line_1_28' title="bbox 140 3026 1145 3115; baseline 0.006 -25"><span class='ocrx_word' id='word_1_194' title='bbox 140 3045 203 3108; x_wconf 86' lang='grc' dir='ltr'><strong><em>μεν</em></strong></span> <span class='ocrx_word' id='word_1_195' title='bbox 219 3027 385 3091; x_wconf 83' lang='grc' dir='ltr'><strong><em>Φιλίππου</em></strong></span> <span class='ocrx_word' id='word_1_196' title='bbox 395 3026 451 3091; x_wconf 77' lang='grc' dir='ltr'><strong><em>καὶ</em></strong></span> <span class='ocrx_word' id='word_1_197' title='bbox 462 3031 637 3094; x_wconf 81' lang='grc' dir='ltr'><strong><em>Θετταλων</em></strong></span> <span class='ocrx_word' id='word_1_198' title='bbox 647 3033 702 3096; x_wconf 83' lang='grc' dir='ltr'><strong><em>καλ</em></strong></span> <span class='ocrx_word' id='word_1_199' title='bbox 712 3055 782 3096; x_wconf 89' lang='grc' dir='ltr'><strong><em>των</em></strong></span> <span class='ocrx_word' id='word_1_200' title='bbox 792 3028 904 3098; x_wconf 89' lang='grc' dir='ltr'><strong><em>αλλων</em></strong></span> <span class='ocrx_word' id='word_1_201' title='bbox 914 3029 1097 3115; x_wconf 78' lang='grc' dir='ltr'><strong><em>συμμάχων</em></strong></span> <span class='ocrx_word' id='word_1_202' title='bbox 1141 3057 1145 3065; x_wconf 93' lang='grc'><em>·</em></span> 
     </span>
     <span class='ocr_line' id='line_1_29' title="bbox 83 3120 1097 3213; baseline 0.007 -26"><span class='ocrx_word' id='word_1_203' title='bbox 83 3208 85 3213; x_wconf 17' lang='grc' dir='ltr'>ι</span> <span class='ocrx_word' id='word_1_204' title='bbox 140 3120 307 3208; x_wconf 90' lang='grc' dir='ltr'><strong><em>παροντας</em></strong></span> <span class='ocrx_word' id='word_1_205' title='bbox 319 3123 486 3208; x_wconf 86' lang='grc' dir='ltr'><strong><em>πρέσβεις,</em></strong></span> <span class='ocrx_word' id='word_1_206' title='bbox 508 3126 563 3192; x_wconf 76' lang='grc' dir='ltr'><strong><em>καὶ</em></strong></span> <span class='ocrx_word' id='word_1_207' title='bbox 580 3151 659 3206; x_wconf 89' lang='grc' dir='ltr'><strong><em>τους</em></strong></span> <span class='ocrx_word' id='word_1_208' title='bbox 668 3132 729 3212; x_wconf 88' lang='grc' dir='ltr'><strong><em>μεν</em></strong></span> <span class='ocrx_word' id='word_1_209' title='bbox 740 3125 920 3213; x_wconf 87' lang='grc' dir='ltr'><strong><em>ημετέρους</em></strong></span> <span class='ocrx_word' id='word_1_210' title='bbox 931 3131 1097 3213; x_wconf 76' lang='grc' dir='ltr'><strong><em>φιλουςέν</em></strong></span> 
     </span>
     <span class='ocr_line' id='line_1_30' title="bbox 57 3217 1095 3315; baseline 0.003 -27"><span class='ocrx_word' id='word_1_211' title='bbox 57 3246 63 3253; x_wconf 92' lang='grc'><em>·</em></span> <span class='ocrx_word' id='word_1_212' title='bbox 99 3310 102 3315; x_wconf 25' lang='lat'>¹</span> <span class='ocrx_word' id='word_1_213' title='bbox 140 3220 255 3310; x_wconf 85' lang='grc' dir='ltr'><strong><em>φόβφ,</em></strong></span> <span class='ocrx_word' id='word_1_214' title='bbox 277 3217 357 3298; x_wconf 83' lang='grc' dir='ltr'><strong><em>τοδς</em></strong></span> <span class='ocrx_word' id='word_1_215' title='bbox 372 3218 403 3286; x_wconf 85' lang='grc' dir='ltr'><strong><em>δ’</em></strong></span> <span class='ocrx_word' id='word_1_216' title='bbox 421 3223 552 3289; x_wconf 81' lang='grc' dir='ltr'><strong><em>ἐκείνου</em></strong></span> <span class='ocrx_word' id='word_1_217' title='bbox 568 3233 714 3312; x_wconf 80' lang='grc' dir='ltr'><strong><em>θρασεῖς.</em></strong></span> <span class='ocrx_word' id='word_1_218' title='bbox 748 3223 799 3295; x_wconf 84' lang='grc' dir='ltr'><strong><em>ὅτι</em></strong></span> <span class='ocrx_word' id='word_1_219' title='bbox 810 3224 842 3293; x_wconf 92' lang='grc' dir='ltr'><strong><em>δ’</em></strong></span> <span class='ocrx_word' id='word_1_220' title='bbox 861 3223 903 3292; x_wconf 84' lang='grc' dir='ltr'><strong><em>οὐ</em></strong></span> <span class='ocrx_word' id='word_1_221' title='bbox 913 3234 980 3292; x_wconf 76' lang='grc' dir='ltr'><strong><em>νῦν</em></strong></span> <span class='ocrx_word' id='word_1_222' title='bbox 990 3233 1095 3292; x_wconf 77' lang='grc' dir='ltr'><strong><em>ταῦτα</em></strong></span> 
     </span>
     <span class='ocr_line' id='line_1_31' title="bbox 139 3322 1095 3411; baseline 0.004 -25"><span class='ocrx_word' id='word_1_223' title='bbox 139 3322 224 3405; x_wconf 84' lang='grc' dir='ltr'><strong><em>λέγω</em></strong></span> <span class='ocrx_word' id='word_1_224' title='bbox 246 3327 307 3388; x_wconf 80' lang='grc' dir='ltr'><strong><em>τοῦ</em></strong></span> <span class='ocrx_word' id='word_1_225' title='bbox 328 3322 557 3405; x_wconf 86' lang='grc' dir='ltr'><strong><em>συμφέροντος</em></strong></span> <span class='ocrx_word' id='word_1_226' title='bbox 577 3324 675 3391; x_wconf 80' lang='grc' dir='ltr'><strong><em>ἕνεκα</em></strong></span> <span class='ocrx_word' id='word_1_227' title='bbox 696 3327 842 3411; x_wconf 75' lang='grc' dir='ltr'><strong><em>ἐμαυτῷ,</em></strong></span> <span class='ocrx_word' id='word_1_228' title='bbox 864 3327 938 3408; x_wconf 83' lang='grc' dir='ltr'><strong><em>λέγε</em></strong></span> <span class='ocrx_word' id='word_1_229' title='bbox 958 3349 1016 3408; x_wconf 89' lang='grc' dir='ltr'><strong><em>μοι</em></strong></span> <span class='ocrx_word' id='word_1_230' title='bbox 1032 3323 1095 3409; x_wconf 79' lang='grc' dir='ltr'><strong><em>τὴν</em></strong></span> 
     </span>
     <span class='ocr_line' id='line_1_32' title="bbox 76 3414 1094 3509; baseline 0.005 -26"><span class='ocrx_word' id='word_1_231' title='bbox 76 3417 316 3506; x_wconf 65' lang='grc' dir='ltr'><strong><em>λιθέπιστολὴν</em></strong></span> <span class='ocrx_word' id='word_1_232' title='bbox 327 3414 371 3506; x_wconf 80' lang='grc' dir='ltr'><strong><em>ἢν</em></strong></span> <span class='ocrx_word' id='word_1_233' title='bbox 380 3417 449 3488; x_wconf 86' lang='grc' dir='ltr'><strong><em>τότ’</em></strong></span> <span class='ocrx_word' id='word_1_234' title='bbox 462 3423 655 3509; x_wconf 80' lang='grc' dir='ltr'><strong><em>ἐπέμψαμεν</em></strong></span> <span class='ocrx_word' id='word_1_235' title='bbox 665 3421 769 3501; x_wconf 79' lang='grc' dir='ltr'><strong><em>εόθδς</em></strong></span> <span class='ocrx_word' id='word_1_236' title='bbox 780 3427 815 3490; x_wconf 75' lang='lat' dir='ltr'><strong><em>ot</em></strong></span> <span class='ocrx_word' id='word_1_237' title='bbox 822 3417 984 3509; x_wconf 84' lang='grc' dir='ltr'><strong><em>πρέσβεις.</em></strong></span> <span class='ocrx_word' id='word_1_238' title='bbox 1017 3428 1094 3490; x_wconf 82' lang='grc' dir='ltr'><strong><em>καί·</em></strong></span> 
     </span>
    </p>
   </div>
   <div class='ocr_carea' id='block_1_4' title="bbox 0 0 1174 3894">
    <p class='ocr_par' dir='ltr' id='par_1_6' title="bbox 0 0 1174 3894">
     <span class='ocr_line' id='line_1_33' title="bbox 0 0 1174 3894; baseline 0 1"><span class='ocrx_word' id='word_1_239' title='bbox 0 0 1174 3894; x_wconf 95' lang='lat' dir='ltr'><strong><em> </em></strong></span> 
     </span>
    </p>
   </div>
  </div>
 </body>
</html>
