2340 3894
216 197 856 263 νωυΡΜωΓΑΛοιιοΛιυαΝ.
946 180 1020 266 ἰω

56 361 192 441 τούτοις
208 366 342 429 ἐναντία
358 363 505 444 ἐκείνων,
517 357 591 445 μεθ’
606 351 656 428 οἶν
673 358 739 431 τότ’
751 364 1024 451 ἐκινδυνεύομεν..

58 459 162 548 κάμοὶ
178 468 282 526 ταῦτα
303 462 408 544 δοκεῖ,
434 462 656 542 προσδεῖσθαι
673 459 705 528 δ’
718 465 767 528 δτι
777 469 841 529 τοῦ
856 460 896 529 τά
908 467 1019 531 δίκαια

31 573 49 629 ’ί
58 573 177 649 ποιεῖνι
185 555 373 626 ἐθελόντων
389 563 457 623 τιδν
477 557 608 642 ἑτέρων.
642 563 672 626 εί
687 559 749 644 μὲν
764 565 883 627 τοίνυν
897 560 1019 648 ἐθελή-

59 679 182 727 σουσιν
204 656 341 742 εἰρήνην
361 653 505 734 ἅπαντες
525 655 630 741 άγειν,
654 655 696 725 ού
714 657 931 745 βοηθήσομεν
951 674 1021 738 τοῖς

59 760 353 844 Μεγαλοπολίταις
361 755 370 793 ·’
392 751 493 822 οὐδὲν
502 752 567 840 γάρ
579 754 704 841 δεήσει·
728 753 803 825 ὥστ’
814 754 890 825 οὐδ’
902 757 1020 827 ὁτιοῦν

59 853 265 925 ὑπεναντίον
275 849 356 940 ήμῖυ
366 857 457 920 ἔσται
467 851 635 938 πρόςτούς
645 860 1016 943 συμπαραταξαμένους,

60 955 230 1040 σύμμαχοι
240 948 272 1018 δ’
284 949 365 1038 ἡμῖν
376 955 411 1018 οί
419 950 480 1036 μὲν
490 949 718 1041 ὑπάρχουσιν,
737 952 783 1033 εἵς
799 976 913 1040 φασιν,
936 961 971 1026 οί
980 957 1016 1025 δὲ

32 1049 347 1141 επροσγενήσονται
358 1057 444 1119 νυνί.
467 1053 523 1119 καὶ
533 1058 566 1118 τί
574 1051 619 1118 δυ
629 1050 710 1120 άλλο
722 1059 944 1140 βουλοίμεθα,
957 1053 1017 1122 ε’άυ
1049 1111 1052 1121 .

60 1149 91 1219 δ’
104 1147 247 1219 ἀδικῶσι
258 1151 312 1218 καὶ
323 1158 479 1236 πολεμεῖν
490 1161 626 1218 οίωνται
635 1155 715 1236 δεῖν,
725 1158 756 1220 εί
765 1152 825 1238 μὲν
836 1149 920 1238 ὑπὲρ
936 1152 1017 1221 τού-

59 1249 121 1318 του
137 1249 248 1337 μόνον
263 1254 479 1337 βουλευτέον,
503 1255 534 1317 εί
548 1253 610 1335 χρή
626 1251 792 1336 Μεγάλην
814 1251 914 1320 πόλιν
929 1250 1016 1338 ήμιὶς

60 1351 229 1434 προέσθαι
237 1353 513 1434 Λακεδαιμονίοις
522 1342 618 1433 ήμή,
637 1352 767 1417 δίκαιον
788 1351 851 1434 μὲν
861 1345 919 1435 ού,
932 1372 1016 1435 συγ-
1024 1356 1082 1415 204

59 1455 158 1534 χωρεῖ
175 1443 207 1514 δ’
226 1443 318 1532 ἔγωγ’
333 1449 428 1515 ἐᾶσαι
443 1448 500 1515 καὶ
515 1445 621 1532 μηδὲν
637 1449 882 1534 ἐναντιωθῆναι
896 1461 964 1525 τοῖς
979 1473 1017 1532 γε

59 1553 128 1614 τῶν
137 1539 253 1613 αύτιδν
269 1553 469 1631 μετασχοῦσι
485 1545 670 1612 κινδύνων·
694 1553 725 1616 εί
740 1543 771 1613 δ’
784 1544 929 1625 ἅπαντες
946 1550 1018 1615 ἐπί-

58 1640 269 1729 στασδεὸτι,
290 1642 416 1729 ταύτην
433 1637 477 1711 άυ
493 1645 630 1732 ἕλωσιν,
652 1654 743 1715 ίασιν
759 1647 808 1716 ἰπὶ
814 1644 1015 1733 Μεσσήνην,

61 1740 222 1828 φρασάτω
233 1768 282 1821 τις
293 1744 520 1828 ἐμοὶτῶυνύυ
537 1751 692 1829 χαλεποῖο
701 1759 769 1824 τοῖς
778 1751 1009 1830 Μεγαλοπολί

59 1868 147 1927 ταις,
168 1848 204 1909 τί
221 1838 292 1909 τύδ’
312 1838 392 1928 ήμῖν
411 1843 655 1929 συμβουλεύσει
673 1857 791 1921 ποιεῖν.
824 1839 892 1912 ἀλλ’
905 1841 1017 1924 οὐδεὶς

37 1943 133 2026 οίρεῖ.
169 1940 225 2008 καὶ
237 1937 305 2026 μήν
316 1940 436 2020 πάντες
446 1944 624 2010 ἐπίστασθε
637 1938 682 2020 ύς
691 1944 746 2010 καὶ
760 1942 1015 2028 παραινούντων

58 2036 191 2160 υούτων
209 2039 264 2106 καὶ
279 2064 324 2125 μη
313 2035 532 2127 βοηθητέον,
553 2067 608 2108 και
597 2038 681 2108 διδ
697 2042 777 2121 τούς
792 2039 931 2130 ὅρκους,
954 2040 1015 2123 οὓς

60 2163 282 2224 ομωμοκαμεν
292 2145 513 2224 Μεσσηνίοις,
535 2142 589 2206 καὶ
600 2138 710 2207 δια
675 2167 712 2208 το
737 2147 909 2229 συμφέρον
931 2141 1016 2211 εἶναι

60 2227 289 2359 κατοικεῖσθαι
305 2238 430 2322 ταύτην
443 2235 509 2351 ’τήυ
525 2238 633 2305 πόλιν.
671 2249 851 2307 σκοπεῖσθε
870 2238 910 2325 δή
929 2239 1014 2324 πρὸς

60 2333 147 2423 ύμας
158 2333 283 2414 αύτούς
305 2339 449 2425 ποτέραν
460 2329 523 2421 τήν
534 2361 639 2420 αρχην
647 2342 805 2404 καλλίονα
822 2340 878 2405 καὶ
894 2344 1017 2421 φιλαν-

60 2436 281 2522 θρωποτέραν
291 2436 472 2520 ποιήσεσθε
482 2441 544 2502 τοῦ
556 2461 600 2520 μη
589 2434 796 2518 ἐπιτρέπειν
807 2431 934 2503 άδιτιεῖυ
944 2444 1017 2502 Λα-

60 2536 298 2618 κεδαιμονίοις,
316 2530 379 2618 τήν
396 2529 482 2618 ὑπὲρ
497 2533 658 2619 Μεγάλης
674 2533 803 2612 πόλεως
817 2528 913 2620 ήτήν
930 2531 1016 2620 ὑπὲρ

25 2629 252 2718 ΙοΜεσσήνης.
286 2639 351 2698 νῦν
367 2633 429 2718 μέν
444 2658 483 2718 γε
498 2636 714 2720 βοηθεῖνξ
656 2632 714 2711 δόξ
715 2657 767 2699 ετε
785 2629 934 2719 Ἀρκάσι,
961 2637 1016 2702 καί

60 2728 121 2819 τήν
133 2730 271 2817 εἰρήνην
282 2731 429 2812 σπουδάζ
413 2737 479 2812 ζειν
491 2730 574 2798 εἶναι
590 2728 789 2818 βεβαίαν,’
768 2734 832 2799 υπὲ
833 2757 853 2817 ρ
869 2723 910 2818 ής
927 2736 1017 2800 ἐκιν-

61 2832 244 2900 δυνεύσατε
265 2834 321 2900 καὶ
344 2831 588 2915 παρετάξασθε·
621 2858 695 2900 τοτε
714 2828 745 2899 δ
759 2831 894 2919 εὔδηλοι
911 2840 1015 2900 πασιν
1039 2878 1063 2933 ρ

59 2936 179 3001 ἔσεσθε
193 2928 236 2999 ού
253 2956 314 2998 του
302 2934 463 2998 δικαίου
480 2931 643 3014 μάλλον”
625 2956 723 2998 ευεκα
734 2931 919 3018 Μεσσήνην
930 2931 1015 3000 εἶναι

58 3024 292 3117 βουλόμενοιή
303 3036 363 3096 τοῦ
374 3028 457 3115 πρὸς
468 3033 751 3114 Λακεδαιμονιους
769 3029 887 3115 φόβον.
920 3029 1014 3098 δεῖδὲ

58 3143 196 3199 σκοπεῖν
211 3128 273 3214 μὲν
289 3131 344 3196 καὶ
364 3129 519 3213 πράττειν
536 3125 586 3194 ἀεὶ
602 3153 643 3193 τα
631 3125 776 3210 δίκαια,
798 3148 1015 3214 συμπαρατη-

58 3226 202 3315 ρεῖνδ”
181 3252 272 3306 οπως
283 3226 349 3312 ἅμα
361 3230 416 3296 καὶ
427 3230 639 3312 συμφέροντα
649 3231 740 3293 ἔσται
749 3251 862 3294 ταυτα

21 3341 48 3393 ll
134 3326 572 3404 ’Ἐστιτοίυυντοιούτόςτις
583 3324 682 3410 λόγος
699 3323 788 3445 παρὰ
806 3350 874 3392 των
884 3322 1014 3389 αντιλε-

56 3426 208 3517 γύντων,
232 3423 275 3505 ὡς
292 3431 496 3513 κομίσασθαι
510 3423 569 3492 τόυ
590 3420 776 3510 Ὠρωπὸν
758 3448 843 3508 ημας
858 3424 1016 3508 ἐγχειρεῖν
