2340 3894
198 209 332 272 ΠΕΡΙ
360 208 956 271 ΤΗΣἯΑΡΑΠΡΕΣΒΕΙΑΣ.
994 205 1058 269 305

100 367 293 455 Ἀθηναίων
312 372 466 455 πρέσβεις
480 364 681 453 Ἀθηναίους
700 369 864 446 ἐξαπατᾶν
889 373 1060 453 τολμήσαι,

105 464 179 535 ἄλλ’
200 464 284 534 εἶναι
300 462 394 533 ταῦτ’
414 463 525 551 άληθή
536 456 668 544 άοὺτος
677 461 862 550 άπήγγελλε
872 465 955 548 πρὸς
964 461 1061 551 ὑμᾶς,
1131 468 1142 503 '

58 565 161 633 ὁλκοὶ
170 575 240 643 τοῖς
248 566 406 650 Θηβαίοις
415 561 880 649 ήκειν,ούχαὺτοίςὸλεθρον.
903 557 991 648 ἦσαν
1001 560 1063 631 άλ-

103 669 157 731 λοι
163 658 255 738 Ιτινες
265 665 301 728 οἳ
308 661 447 745 πάσχειν
457 657 572 728 ὁτιοῦν
581 662 638 729 καὶ
649 658 841 746 ἀμύνεσθαι
850 665 920 729 δείν
936 657 1060 750 ρ’ίοντο·

103 755 189 829 άλλά
209 750 265 826 κάλ
283 758 425 837 τούτους
440 755 610 844 μαλακούς
626 759 760 844 ἐποίησε
774 755 813 853 τὸ
824 757 884 826 τδν
894 765 1062 827 Φίλιππον

103 857 267 944 ὑπάρχειν
284 853 398 936 αὑτοίς
415 864 610 943 πεισθῆναι,
632 854 742 925 καὶτὸ
759 854 854 924 ταῦτ’
868 862 899 924 εί
906 854 951 942 μή
963 855 1063 941 ποιή-

104 975 225 1024 σουσιν
240 952 327 1040 ὑμεῖς
343 953 396 1022 ἐπ’
414 952 538 1032 αύτούς
552 951 668 1040 ἥξειν,
684 950 744 1032 οὑς
753 952 940 1040 βοηθήσειν
950 950 1061 1033 αὑτοῖς

102 1052 242 1140 ἤλπιζον
257 1057 387 1122 ἐκείνοι.
421 1050 506 1122 άλλά
520 1054 577 1121 καὶ
593 1054 785 1138 μεταμέλειν
801 1049 881 1137 ὑμῖν
893 1049 1000 1140 ᾤοντό
1010 1077 1061 1119 τι-

103 1177 161 1231 νες
171 1156 403 1238 πεποιημένοις
413 1153 476 1239 τήν
486 1149 570 1238 πρδς
581 1158 747 1220 Φίλιππον
758 1151 909 1236 εἰρήνην·
930 1150 1061 1229 τούτοις

104 1248 157 1318 ὅτι
166 1251 223 1316 καί
231 1262 300 1327 τοῖς
308 1249 459 1334 ἐκγόνοις
468 1245 649 1335 τήναύτήν
659 1248 865 1335 ἐψηφίσασθ’
881 1252 1061 1333 ἐπέδειξαν,

105 1345 191 1415 ὥστε
208 1354 357 1432 πανταχῆ
370 1343 411 1421 ,τά
430 1344 511 1429 παρ’
528 1342 624 1432 ὑμῶν
638 1343 909 1431 ἀπογνωσθῆναι.
943 1344 1060 1428 διόπερ

59 1443 237 1513 σσάποιντα
253 1452 358 1513 ταῦτα
374 1451 422 1524 εἰς
437 1447 475 1512 ἐν
496 1443 651 1531 ψήφισμα
673 1443 932 1513 συνεσκεύασαν.
966 1439 986 1509 ὃ
1006 1444 1062 1511 καί

103 1545 261 1629 μέγιστον
275 1547 386 1628 ἔμοιγε
402 1546 563 1611 δοκοῦσιν
577 1539 736 1613 ἁπάντων
751 1538 838 1627 ὑμεῖς
852 1537 1060 1627 ἠδικηκέναι·

63 1682 72 1698 ι
102 1638 141 1708 τὸ
153 1638 219 1725 γάρ
230 1637 312 1726 πρὸς
323 1638 431 1723 άνδρα
441 1639 571 1726 θνητὸν
581 1641 637 1708 καὶ
648 1639 702 1708 διὰ
712 1641 849 1725 καιρούς
859 1664 951 1718 τινας
966 1637 1061 1724 ἰσχύ-

102 1763 186 1806 οντα
213 1735 406 1823 γράφοντας
432 1741 570 1824 εἰρήνην
595 1735 770 1807 άθάνατον
789 1740 980 1806 συνθέσθαι
999 1737 1061 1822 τήν

101 1836 257 1921 κατάτής
266 1835 394 1914 πόλεως
405 1837 585 1922 αἰσχύνην,
597 1839 652 1905 καί
664 1833 887 1922 άποστερήσαι
896 1832 939 1920 μή
952 1833 1060 1920 μόνον

101 1931 311 2019 τύνάλλιον,
323 1931 407 2002 άλλά
418 1937 552 2003 καλτοόν
562 1935 652 2017 παρά
668 1941 728 2021 της
744 1934 843 2019 τύχης
860 1930 1061 2020 εὐεργεσιῶν

101 2030 165 2118 τήν
175 2024 284 2117 πάλιν,
296 2034 351 2100 καί
361 2030 507 2119 τοσαύτη
518 2039 691 2122 περιουσία
701 2032 890 2118 χρήσασθαι
900 2037 1061 2117 πονηρίας

102 2129 188 2205 ὥστε
204 2128 249 2217 μή
265 2132 374 2216 μόνον
390 2129 469 2209 τούς
480 2129 578 2210 ὄντας
585 2129 800 2216 Ἀθηναίους,
822 2126 908 2198 άλλά
918 2132 973 2198 καὶ
982 2127 1062 2209 τούς

101 2226 249 2312 ὑστερύν
269 2252 349 2298 ποτε
367 2234 546 2314 μέλλοντας
563 2233 700 2296 ἔσεσθαι
715 2228 842 2305 πάντας
858 2225 1059 2314 ἠδικηκέναι,

57 2334 174 2408 λιθπάς
184 2325 451 2412 ούχίπάνδεινύν
461 2330 546 2408 ἐστις
556 2332 657 2394 τούτο
666 2331 783 2393 τοίνυν
793 2321 956 2392 οὐδέποθ’
969 2322 1061 2409 ὑμεῖς

101 2421 295 2511 ὑπεμείνατ’
309 2419 354 2491 άν
364 2422 509 2510 ὕστερον
520 2423 733 2509 προσγράψαι
743 2420 825 2507 πρὸς
834 2420 896 2507 τήν
913 2420 1061 2507 εἰρήνην,

101 2521 140 2593 τὸ
157 2526 214 2593 καί
228 2536 298 2604 τυίς
314 2524 481 2610 ἐκγόνοις,
506 2529 537 2592 εἰ
545 2521 590 2610 μή
602 2536 671 2601 ταῖς
681 2518 762 2604 παρ’
773 2526 934 2604 Αἰσχίνου
944 2521 1063 2605 ῥηθεί-

102 2640 177 2702 σαις
193 2622 391 2709 ὑποσχέσεσι
407 2621 477 2692 τότ’
497 2620 727 2706 ἐπιστεύσατε,
751 2613 868 2703 αἷσπερ
885 2621 920 2684 οἰ
935 2623 1062 2694 Φωκεῖς

102 2718 339 2799 πιστεύσαντες
348 2718 532 2790 άπάλοντο.
567 2721 623 2789 καὶ
639 2719 703 2805 γάρ
721 2736 772 2786 τοι
783 2716 987 2803 παραδόντες
999 2712 1062 2783 αὑ-

101 2816 181 2896 τοὺς
190 2824 343 2907 Φιλίππῳ
355 2821 410 2887 καὶ
422 2820 552 2899 ἑκόντες
561 2822 797 2906 ἐγχειρίσαντες
806 2820 919 2905 ἐκείνῳ
929 2813 987 2894 τάς
997 2815 1122 2892 πεί-359

103 2924 172 2994 λεις
194 2913 445 2984 ἁπάντωντῶν
479 2920 640 2985 ἐναντίων
678 2910 727 2986 ὦν
749 2916 832 3002 πρὸς
854 2914 942 3001 ὑμεῖς
963 2907 1062 2994 οὑτος

102 3011 304 3102 άπήγγειλεν
332 3021 459 3101 ἔτυχον.
476 3008 480 3012 ’
519 3095 522 3100 ,

59 3124 93 3181 57
180 3111 252 3181 Ἵνα
272 3112 304 3182 δ’
324 3119 431 3199 εἰδήτε
447 3122 562 3199 σαφῶς
572 3112 624 3180 ὅτι
633 3111 737 3181 ταῦθ’
749 3110 838 3180 οὑτω
849 3113 904 3180 καὶ
915 3109 969 3179 διὰ
980 3111 1062 3179 τού·

101 3211 364 3298 τονςάπόλωλε,
385 3213 464 3292 τοὺς
474 3213 618 3299 χρόνους
629 3208 709 3299 ὑμῖν
719 3218 895 3296 λογιοῦμαι
905 3203 986 3276 καθ’
1001 3203 1061 3286 οὑς

101 3307 252 3394 ἐγίγνεθ’
268 3311 398 3378 ἕκαστα.
431 3315 507 3394 περὶ
524 3302 574 3378 οὑν
591 3308 623 3376 δ’
642 3308 685 3376 άν
695 3335 743 3388 τις
754 3307 909 3394 άντιλέγη
919 3305 1059 3388 τούτων,

103 3403 250 3485 ἀναστάς
260 3409 298 3474 ἐν
308 3415 355 3496 τῷ
365 3410 434 3493 ἐμῷ
443 3407 541 3475 ὑδατι
553 3408 683 3475 εἰπάτω.
713 3405 735 3493 ή
746 3411 807 3492 μὲν
817 3412 934 3473 τοίνυν
945 3403 1061 3491 εἰρήνη

148 3501 287 3560 Denuuth.
309 3502 400 3560 Vol,1.
876 3503 919 3554 (λῶ
