2340 3894
335 194 479 259 MTA
501 194 768 272 61111111101‘
785 196 823 259 Β.
1013 195 1057 261 68

96 356 162 444 ἐμοὶ
174 358 239 444 μὲν
249 356 343 442 ὕδωρ
354 364 462 423 πίνων
479 353 613 433 εἰκότως
624 354 810 440 δύστροπος
821 359 876 424 καλ
893 354 1057 435 δύσκολός

97 463 165 544 εἰμί
184 484 236 536 τις
256 455 453 541 ἀνδρωπος,
477 450 712 538 (λε’,ίλιπποςδ
735 452 820 538 ἀπερ
843 449 1033 534 figam*
1009 481 1056 523 αν

96 555 201 642 ὑμεῖς,
212 553 273 623 ἐάν
284 555 449 640 παρίλθη
461 552 588 637 πράξει,
602 577 655 618 και
645 549 812 630 Θεσπιὰς
824 555 885 637 μὲν
896 555 950 623 καί
960 559 1055 620 Πλα-

98 680 199 732 ταιας
203 666 327 739 τειχιεῖ
339 657 508 738 Θηβαιονς
518 651 553 718 δε
565 650 686 718 παυσει
696 678 753 736 vr
739 650 906 739 ,ύβρεως,
925 641 1056 736 Χερρό·

95 768 203 870 νησον
217 751 253 818 δὲ
268 765 338 832 τοῖς
354 747 461 817 αύτου
447 753 584 817 ’τέλεσι
600 750 761 871 διορύξει,
782 750 934 837 Εὔβοιον
951 749 988 818 δὲ
998 751 1054 817 καί

95 849 154 917 τόν
162 847 349 934 Ὠρωπόν’
331 877 393 916 αντ
392 847 636 934 ’Ἀμφιπόλεως
653 846 732 933 ὑμῖν
744 847 926 917 ἀποδόσει·
948 854 1053 916 ταῦτα

94 953 159 1034 γὰρ
180 947 314 1017 ἅπαντα
335 950 387 1016 ἐπί
408 954 469 1015 τού
496 945 642 1067 βήματος
671 950 810 1017 ἐνταυθὶ
836 939 1051 1034 μνημονεύετ’

90 1043 190 1119 ,οἷδ’
168 1073 223 1114 οτι
232 1048 394 1133 ρηθέντα
407 1052 525 1128 καιπερ
537 1072 629 1124 οντες
640 1071 682 1113 ον
672 1044 795 1116 δεινοί
805 1073 883 1124 τους
894 1043 1054 1114 αδικουν-

56 1163 152 1224 31τας
161 1153 363 1231 μεμνῆσθαι.
388 1141 490 1210 καὶτὸ
504 1144 641 1212 πάντων
654 1154 832 1231 αἴσχιστον,
845 1146 900 1213 καὶ
918 1145 1053 1224 τοῑςέκ-

94 1244 208 1330 μόνοις
218 1239 368 1329 πρόςτάς
380 1242 564 1322 ἐλπίδας
528 1271 597 1329 την
603 1270 709 1329 αντην
722 1246 859 1330 εἰρήνην
873 1244 957 1313 εἰναι
967 1243 1053 1312 ταύ-

27 1352 30 1357 ’
94 1371 154 1429 την
164 1347 390 1429 εψηφίσασθε
409 1367 500 1409 ουτω
510 1344 629 1422 τελεως
639 1340 818 1428 υπηχδητε
852 1349 886 1409 τί
895 1341 934 1428 δη
947 1367 1051 1410 ταντα
1110 1418 1113 1429 ,
1158 1383 1167 1399 =

93 1449 159 1509 νύν
176 1442 262 1526 λάμω
282 1443 336 1509 καὶ
354 1447 469 1508 καλεῖν
486 1443 571 1526 φημί
587 1445 657 1507 δεῖν
669 1439 824 1518 τούτους;
844 1437 959 1525 ἐγώ
921 1465 962 1523 νη
973 1438 1053 1518 τούς

94 1539 196 1619 θεούς
206 1537 339 1627 τάληθῆ
350 1538 432 1626 μετά
443 1545 633 1626 παρρησίας·
646 1541 710 1624 ἐρῶ
727 1535 811 1623 πρὸς
821 1535 906 1624 ὑμᾶς
923 1538 977 1604 καὶ
989 1533 1053 1604 ούκ

59 1638 347 1726 ηράποκρύβομαι,
367 1638 429 1725 οὐχ
445 1636 485 1720 ἵν’
507 1644 553 1716 εἰς
572 1642 742 1722 λοιδορίαν
758 1637 909 1721 ἐμπεσών
921 1633 1052 1723 ε’μαυτρῖ

94 1737 154 1823 μὲν
165 1742 198 1818 ἐξ
210 1749 286 1807 ἰσου
297 1738 400 1822 λόγον
412 1734 486 1821 παρ’
498 1735 579 1821 ύμῖν
585 1735 728 1822 ποιήσω,
740 1751 807 1814 τοῖς
818 1732 850 1802 δ’
863 1735 935 1820 ἐμοὶ
946 1753 1052 1820 προσ-

93 1836 278 1919 κρούσασιν
299 1839 331 1915 ἐξ
353 1833 455 1922 ἀρχῆς
475 1835 597 1922 καινήν
618 1836 776 1923 παράσχω
798 1833 968 1920 πρόφασιν
988 1843 1051 1902 τού
1086 1894 1088 1899 ,

94 1935 193 2003 πόλιν
209 1961 242 2002 τι
258 1941 372 2020 λαβεῖν
388 1932 480 2018 παράι
498 1941 683 2021 Φιλίππου,
708 1932 785 2004 οὐδ’
796 1939 852 2002 ἵνα
869 1931 931 2020 τὴν
941 1933 1051 2014 ἀλλως

94 2030 268 2118 ἀδολεσχῶ.
291 2030 359 2100 ἀλλ’
379 2032 472 2152 οἰμμί
494 2031 571 2101 ποθ’
584 2031 877 2122 ύμάςλυπήσεινά
887 2041 1049 2114 Φίλιππος

60 2130 230 2219 33πράττει
238 2128 399 2297 μάλλον”
377 2159 397 2227 η
410 2132 450 2199 τά
464 2140 555 2201 νυνί·
572 2133 610 2201 τὸ
622 2134 686 2224 μάρ
697 2135 816 2220 πρᾶγμ’
827 2133 895 2220 ὁρω
884 2141 1049 2222 προβαῖ-

94 2256 172 2316 νον,
193 2257 235 2298 κα
238 2227 338 2315 ἰούχί
349 2237 535 2317 βουλοίμην
540 2230 642 2351 t96st
620 2261 665 2300 αν
678 2235 816 2313 εἰκάζειν
830 2231 960 2318 ὀρθοῖς,
983 2259 1049 2341 φο-

93 2328 263 2449 βούμαιδὲ
277 2356 320 2415 μη
312 2329 367 2396 λί
366 2356 408 2397 αν
420 2323 553 2415 ἐγγύς
530 2356 551 2415 η
563 2340 643 2397 τούτ
641 2328 777 2418 ’ᾔδη’
764 2330 844 2396 όταν
857 2323 920 2396 οὖν
931 2315 1046 2416 μηκέθ

93 2427 173 2514 ύμῖν
191 2425 331 2514 ἀμελεῖν
354 2431 486 2508 ἐξουσία
512 2435 665 2553 γίμνηται
686 2437 754 2497 των
782 2427 1048 2514 συμβαινόντων,

93 2525 168 2615 μηδ’
183 2523 359 2611 ἀκούηθ’
338 2554 389 2595 οτι
409 2525 500 2594 ταῦτ’
513 2527 563 2615 ἐφ’
575 2526 663 2613 ὑμεῖς
679 2530 804 2597 ἐστιν’
788 2534 870 2613 εμού
890 2525 972 2613 μηδὲ
988 2535 1051 2595 τοῦ

95 2631 210 2706 δεῖνος,
224 2622 293 2694 ἀλλ’
303 2624 401 2745 μύτοί
413 2626 534 2706 πάντες
547 2620 759 2714 ὁρᾶτεκαί
718 2652 757 2695 ευ
771 2653 784 2694 ε
787 2624 1049 2714 ἰδητε,όρμίλους

58 2729 144 2800 οικαλ
155 2738 285 2809 τραχεῖς
294 2722 381 2811 ὑμᾶς
391 2731 529 2793 ἔσεσθαι
539 2733 660 2813 νομίζω
635 2733 860 2813 ωφοβούμοα
873 2723 966 2812 δη
924 2754 968 2812 μη
981 2732 1049 2794 τῶν

93 2827 263 2911 πρέσβεων
277 2829 587 2912 σεσιωπηκότων,ἐ
588 2853 613 2912 φ
611 2823 681 2904 ὀἷς
698 2823 810 2904 αὑτοῖς
828 2831 981 2893 συνίσασι
992 2829 1047 2892 δε·
1056 2834 1124 2894 λλ

92 2921 376 3011 δωροδοκηκότες,
395 2939 464 3003 τοῖς
481 2929 695 3011 ἐπανορθοῦν
712 2951 743 2992 τι
754 2928 1047 3011 πειρωμένοιςτεῑν

92 3023 144 3091 διά
155 3023 298 3122 τούτους
315 3021 541 3093 ἀπολωλότων
558 3034 600 3111 τῆ
615 3022 687 3108 παρ’
700 3023 797 3123 ύμων
815 3021 899 3110 ὀργῇ
911 3047 1049 3111 περιπε-

91 3138 160 3192 σεῖν
172 3112 297 3246 συμβη
325 3121 394 3207 ὁρω
410 3121 477 3208 νάρ
496 3122 541 3203 69
551 3151 590 3192 τα
581 3122 708 3192 πολλά
720 3103 879 3217 έύίους’
840 3148 928 3192 ουκε
930 3123 1048 3202 ἰςτούς

91 3229 232 3310 αἰτίους,
256 3218 325 3294 ἀλλ’
339 3228 385 3301 εἰς
400 3222 481 3303 τούς
501 3221 568 3291 ύπὸ
590 3237 682 3309 χεῖρα
703 3207 844 3309 μάλιστα
861 3246 923 3305 την
940 3217 1083 3305 ὀργὴν

56 3319 257 3408 δοάριίντας.
289 3346 352 3399 εως
369 3313 434 3416 ούν
452 3327 498 3390 ἔτι
508 3324 619 3409 με’λλει
630 3323 685 3391 καί
697 3327 889 3391 συνίσταται
901 3318 940 3384 τά
959 3314 1046 3400 πρό-

90 3448 197 3509 γματα
208 3422 265 3489 καὶ
275 3420 507 3507 κατακούομεν
517 3419 713 3507 ἀλλήλων,
694 3438 835 3499 εκαστον
847 3411 959 3502 ὑμων,
970 3419 1048 3481 καί-
