2340 3894
121 214 186 281 ιεε
267 214 387 278 τοι.
417 191 876 295 [mmmm

121 400 203 461 τειν,
217 373 261 454 ὑς
270 381 317 465 τῷ
328 379 539 462 συμφέροντί
550 399 589 459 γε
606 377 834 461 προελομένην
843 383 991 461 χρῆσθαι
1002 401 1085 460 κρα-

78 469 325 541 25τείνάντοδν
336 479 504 559 πολεμίων
521 475 643 560 ήᾳδίως
661 477 874 559 δυνηθεῖσαν.
903 474 1040 552 εἰκότως
1050 472 1083 542 δ’

124 571 207 641 αὑτὸ
220 573 450 642 πεπόνθασιν·
465 573 527 650 ἕως
538 569 604 657 γάρ
615 566 660 638 άν
671 574 727 657 ἐξῇ
737 581 805 639 των
816 570 898 640 κατὰ
910 573 1085 642 θάλατταν

123 672 180 740 καί
190 671 306 758 μόνοις
316 670 617 757 ἀναμφισβητήτως
629 667 714 737 εἰναι
724 678 862 758 κυρίοις,
881 686 949 750 τοῖς
965 698 1005 757 γε
1020 699 1085 740 κα-

122 773 164 839 τά
173 779 241 858 γῆν
252 769 335 856 πρὸς
344 777 385 860 τῇ
396 769 592 858 ὑπαρχοὺση
604 770 747 855 δυνάμει
757 775 824 838 ἔστι
835 769 1003 856 προβολάς
1015 773 1085 840 ἑτέ·-

123 896 185 955 ρας
196 874 408 956 ἰσχυροτέρας
423 866 599 953 εὑρέσθαι,
617 867 726 946 άλλως
740 893 777 935 τε
793 868 849 936 καί
859 872 1083 955 πεπαυμένων

122 967 189 1037 ὑπὸ
206 976 264 1055 τῆς
279 968 380 1053 τάχης
390 974 459 1034 των
477 968 784 1051 δορυφορουμένων
794 963 860 1034 ὑπὸ
877 973 1083 1051 τῶντυραν-
1109 962 1112 970 ’

123 1076 230 1135 νικῶν
239 1067 483 1152 στρατοπέδων,
495 1066 551 1132 καὶ
561 1071 630 1132 τιδν
639 1068 701 1151 μὲν
711 1065 953 1152 ἐφθαρμένων,
966 1073 1036 1133 των
1046 1069 1082 1134 δὲ

122 1167 386 1250 ἐξεληλεγμένων
396 1161 535 1241 οὐδενός
545 1161 647 1243 άξίωυ
657 1161 775 1231 όντων.

78 1274 115 1330 26
212 1259 257 1331 Τὺ
276 1264 338 1347 μὲν
354 1254 418 1330 οὑν
434 1266 513 1347 περὶ,
525 1260 566 1330 τά
584 1270 682 1331 πλοία
699 1261 783 1347 πρὸς
799 1277 867 1341 τοῖς
883 1263 996 1342 ἄλλοις
1015 1278 1083 1343 τοίς

122 1363 375 1449 προειρημένοις
392 1358 410 1429 ὑ
427 1359 599 1430 Μακεδών
615 1369 814 1449 τηλικοῦτον
828 1364 974 1448 παρέβη·
995 1361 1035 1430 τό
1048 1362 1083 1431 δὲ

121 1459 404 1548 ὑβριστικώτατον
411 1465 465 1529 καὶ
475 1458 787 1544 ὑπεροπτικώτατον
793 1470 861 1530 τῶν
868 1460 1083 1530 Μακεδόνων

121 1558 159 1627 τδ
177 1560 296 1645 πρώην
312 1562 537 1645 γεγενημένον
555 1561 637 1645 ἐστὶ,
658 1557 697 1627 τδ
714 1567 874 1645 τολμῆσαι
892 1564 1084 1627 εἰσπλεῦσαι

121 1663 169 1737 εἰς
178 1658 386 1744 τὺνΠειραιά
397 1654 486 1744 παρά
496 1655 556 1736 τάς
566 1657 681 1736 κοινὰς
689 1655 769 1744 ἡμῖν
776 1655 859 1743 πρὸς
867 1655 992 1735 αὑτοὺς
1003 1679 1081 1726 συν·
1092 1669 1137 1727 21⁹

121 1757 242 1847 θήκας.
270 1760 458 1842 καὶτοῦτο,
482 1750 509 1823 οὑ
526 1756 646 1842 ἄνδρες
661 1756 849 1843 Ἀθηναῖοι,
875 1754 937 1842 οὑχ
955 1756 1010 1824 ότι
1022 1764 1084 1844 ’μία

122 1855 260 1941 τριήρης
269 1847 323 1940 ἦν,
330 1852 453 1941 μικρὸν
463 1851 682 1941 ὑποληπτέον,
691 1853 760 1923 ἀλλ’
772 1855 823 1923 ὅτι
830 1851 1000 1942 ’άπόπειρα
1012 1859 1084 1942 έγέ-

122 1976 210 2037 νετο,
223 1957 256 2018 εἰ
263 1951 511 2037 περιοψόμεθα,
528 1956 585 2019 ἵνα
595 1953 677 2038 μετά
688 1956 855 2023 πλειόνων
866 1953 980 2034 αὑτοῖς
990 1959 1084 2040 ἐγγέ-

123 2074 219 2135 νηται
229 2055 330 2116 τοῦτο
343 2049 573 2134 πράττειν,καί
583 2048 634 2119 ότι
646 2049 920 2139 οὑκέφρόντισαν
930 2060 1001 2121 τῶν
1011 2079 1084 2122 κοι-

121 2154 194 2214 νῶν
216 2146 411 2233 δογμάτων,
442 2149 598 2237 καθάπερ
624 2147 703 2218 οὑδὲ
732 2158 802 2219 τῶν
821 2154 1082 2238 προειρημένων

77 2262 113 2319 27
123 2247 192 2315 ἐπεὶ
202 2245 255 2314 ὅτι
265 2271 303 2332 γε
313 2251 413 2314 τοῦτο
424 2247 611 2333 παράδυσις
626 2239 672 2335 ἦν
688 2249 772 2316 κατά
787 2246 909 2334 μικρὸν
930 2253 987 2316 καὶ
1011 2252 1084 2318 ἐθι-

123 2343 206 2434 σμὺς
216 2355 280 2415 τοὺ
290 2344 468 2434 ἀνέχεσθαι
478 2344 564 2434 ἡμᾶς
574 2347 652 2426 τοὺς
661 2346 833 2424 τοιούτους
840 2355 1008 2430 εἴσπλους,
1016 2347 1083 2416 κά-

121 2455 238 2515 κεῖθεν
256 2449 375 2533 δῆλον·
404 2446 441 2515 τό
459 2446 524 2533 γάρ
536 2444 597 2514 τὸν
607 2447 680 2516 τότε
690 2447 743 2519 έκί
752 2454 810 2531 τῆς
825 2443 910 2524 νεώς
927 2445 1085 2515 εἰσπλεό-

123 2565 239 2629 σαντα,
248 2543 290 2613 δν
302 2550 368 2613 ἔδει
380 2543 486 2624 εὑθὺς
496 2544 577 2633 μετά
586 2554 644 2632 τῆς
653 2545 809 2632 τριήρους
819 2542 876 2629 ὑφ’
887 2542 985 2630 ὑμῶν
996 2542 1084 2614 άπο·

121 2650 280 2730 λωλέναι,
309 2650 481 2714 αἰτελσθαι,
501 2644 783 2730 ναυπηγήσασθαι
802 2644 903 2729 μικρά
924 2652 1027 2712 πλοῖα
1047 2647 1083 2712 έν

122 2757 192 2821 τοῖς
200 2740 373 2829 ὑμετέροις
383 2745 501 2828 λιμέσι,
513 2750 583 2821 πῶς
594 2741 637 2811 οὑ
646 2741 834 2828 καταφανὲς
843 2757 933 2810 ποιεῖ
944 2741 998 2810 ότι
1008 2741 1082 2811 ἀντὶ

123 2849 187 2907 τοῦ
198 2845 344 2909 εἰσπλεῖν
354 2839 391 2908 τὺ
403 2838 510 2918 εὑθὺς
521 2845 621 2908 ἔνδον
631 2840 717 2908 εἰναι
732 2846 962 2932 έμηχανὺντος
985 2843 1043 2909 καὶ
1054 2847 1084 2909 εἰ

123 2935 226 3007 λεπτά
241 2946 339 3006 πλοία
349 2936 600 3026 ὑπομενοῦμεν,
622 2937 738 3023 ὀλίγον
756 2940 897 3022 ὕστερον
915 2941 972 3007 καί
988 2940 1084 3027 τριή-

123 3060 206 3121 ρεις·
228 3036 285 3104 καὶ
296 3034 370 3104 είτδ
382 3035 650 3124 πράτονόλίγας,
669 3046 778 3127 μικρῷ
789 3037 934 3120 ὕστερον
945 3040 1080 3117 πολλάς.

75 3151 113 3206 28
121 3133 165 3204 οὑ
174 3134 239 3223 γάρ
251 3133 292 3222 δή
304 3140 373 3204 ἔστι
383 3163 422 3222 γε
432 3142 536 3206 εἰπεῖν
548 3134 592 3216 ὥς
600 3136 759 3223 Ἀθήνησι
770 3139 831 3222 μὲν
842 3132 1014 3220 άφθόυων
1024 3136 1085 3205 όν-

119 3260 190 3304 των
199 3243 270 3304 τοῖν
279 3243 541 3322 ναυπηγησίμων
551 3238 747 3321 ξάλων,τοδν
758 3233 939 3321 πόρρωθεν
950 3238 1008 3303 καὶ·
1020 3236 1083 3321 μό-

120 3338 170 3414 λίς
188 3339 479 3423 εἰσκομιζομένων,
497 3338 535 3403 ἐν
552 3337 589 3403 δὲ
604 3342 646 3423 τῇ
663 3338 860 3422 Μακεδονία
877 3332 1083 3400 ἐπιλελοιπό-

117 3435 202 3516 των,
219 3438 260 3521 τῇ
276 3433 333 3501 καὶ
348 3446 417 3511 τρίς
435 3430 550 3512 ἄλλοις
559 3449 629 3514 τοϊς
638 3435 856 3520 βουλομένοις
866 3429 1082 3500 εὐτελέστατα
