2340 3894
346 194 488 261 MTA
509 199 779 264 ‹121111111101‘
795 204 832 266 B.
1022 204 1063 269 61
1157 243 1161 252 ·

54 359 60 377 ’
107 328 1067 452 ἦφῖὅθιθλέπάντεςοίπρότερονΜακεδονίαςβασιλεϊςάντ-

110 458 1062 549 εποιοῦντο,Ποτίδαιανδ’ἐδίδουτοάςἎθήναίωνάποί-

108 580 192 634 κους
203 554 384 641 ἐκβάλλων,
396 557 451 622 καὶ
461 554 523 642 τήν
534 556 595 642 μὲν
606 563 732 645 ἔχθραν
742 560 805 646 τήν
815 562 898 645 πρὸς
908 559 994 648 ἡμᾶς
1002 561 1064 631 αά-
1073 587 1108 644 n

107 651 166 731 τὸς
177 651 337 741 ἀνήρητο,
347 651 411 738 τήν
421 654 535 739 χώραν
546 653 579 722 δ’
590 660 729 737 ἐκείνοις
744 659 899 727 ἐδεδοίκει
914 669 1067 746 καρποῦ-

109 760 212 832 σθαι;
224 744 290 836 ἀρα
301 755 494 839 προσδοκᾶν
504 753 627 833 αὐτοὺς
636 764 773 825 τοιαῦτα
783 763 967 844 πείσεσθαι,
978 757 1001 848 ή
1011 765 1067 831 λέ-

67 867 232 936 κίγοντος
249 849 292 917 ἀν
307 875 398 929 τινος
414 861 588 921 πιστεῦσαι
604 865 733 936 οίεσθε;
764 855 834 925 ἀλλ’
851 857 958 946 ὅμως,
981 866 1066 948 ἐφην
1162 900 1165 904 ·

108 951 187 1035 ἐγώ,
200 949 323 1035 μικρὸν
339 951 463 1036 χρόνον
479 951 541 1037 τήν
550 951 726 1037 ἀλλοτρίαν
736 960 993 1045 καρπωσάμενοι
1003 985 1067 1030 no—

109 1045 176 1115 λδν
186 1055 247 1132 τῆς
257 1044 372 1115 αὐτῶν
387 1045 442 1115 ὑπ’
456 1052 586 1119 ἐκείνου
603 1058 795 1142 στέρονται,
811 1063 952 1144 αἰσχρῶς
969 1063 1076 1128 ime*

108 1148 238 1235 σόντες,
252 1143 295 1216 οὐ
305 1151 526 1233 κρατηθέντες
536 1151 658 1237 μόνον,
676 1151 760 1220 ἀλλά
771 1157 826 1223 καί
843 1162 1066 1238 προδοθέντες

109 1244 163 1315 ὑπ’
178 1245 336 1332 ἀλλήλων
345 1249 403 1316 καὶ
413 1248 612 1332 πραθέντες·
625 1248 667 1317 οά
676 1252 741 1336 χάρ
753 1252 910 1338 ἀσφαλεῖς
921 1271 1065 1335 ταῖςπο-

66 1354 246 1443 κυγλιτείαις
256 1351 293 1414 αί
300 1345 383 1429 πρὸς
393 1345 472 1427 σούς
480 1346 669 1431 τυράννους
679 1342 777 1417 αὗται
787 1359 861 1419 λίαν
872 1351 1004 1439 ὁμιλίαι.
1034 1360 1070 1422 τί

111 1445 144 1540 δ”
158 1453 193 1515 οί
203 1454 378 1526 Θετταλοίς
399 1440 450 1531 ἀρ’
463 1445 580 1532 οἴεσθ’,
601 1453 702 1534 ἔφην,
725 1447 772 1516 ὅτ’
785 1449 896 1530 αὐτοῖς
912 1450 992 1531 τοὺς
1005 1477 1067 1519 τν-

109 1548 258 1630 ράννους
274 1549 425 1633 ἐξέβαλλε
443 1551 498 1614 καὶ
516 1547 617 1614 πάλιν
632 1554 780 1616 Νίκαιαν
797 1553 853 1618 καὶ
863 1556 1067 1636 Μαγνησίαν

108 1650 233 1730 ἐδίδου,
246 1651 441 1732 προσδοκᾶν
455 1644 518 1731 τήν
528 1655 748 1715 καθεστῶσαν
765 1656 831 1716 νῦν
848 1653 1067 1734 δεκαδαρχίαν

108 1751 249 1813 ἔσεσθαι
270 1745 343 1829 παρ’
368 1744 497 1826 αὑτοίς;
525 1742 548 1830 ή
569 1747 629 1814 τὸν
648 1744 711 1832 τήν
731 1742 877 1816 πυλαίαν
896 1747 1066 1816 ἀποδόντα

86 1853 233 1914 ’τοῦτον
255 1843 314 1924 τάς
334 1849 418 1923 ίδίας
439 1842 555 1912 αὐτῶν
572 1844 760 1930 προσόδους
781 1846 1066 1933 παραιρήσεσθαι,

107 1943 171 2013 οὐκ
182 1949 374 2012 ἐστιταάτα.
399 1940 789 2030 ἀλλάμ-ήυχέχονεταῦτα
799 1946 855 2011 καὶ
865 1952 968 2013 πᾶσιν
977 1949 1066 2013 ἐστιν

66 2046 243 2125 ρςείδέναι.
265 2043 358 2128 ὑμεῖς
371 2040 415 2126 δ’,
423 2047 508 2128 ἔφην
519 2041 593 2129 ε’χά,
602 2043 738 2110 διδόντα
748 2043 810 2127 μὲν
816 2044 870 2111 καλ
880 2040 1066 2129 ὑπισχνού-

108 2169 214 2229 μενον
224 2153 383 2229 θεωρεῖτε
393 2148 570 2224 Φίλιππον,
582 2141 804 2227 ἐξηπατηκότα
816 2139 848 2209 δ’
860 2140 925 2227 ήδη
935 2145 991 2209 καὶ
1000 2165 1067 2208 πα-

110 2244 384 2326 ρακεκρουμένον
395 2239 601 2327 ἀπεύχεσθε,
625 2247 655 2307 εί
664 2255 869 2326 σωφρονεῖτε
882 2243 943 2326 δὴ,
969 2245 1064 2306 ίδελν.

84 2367 92 2371 ·
110 2341 352 2424 ἔστιτοίνυννή
360 2338 523 2424 Δί’,ἐφην
531 2338 607 2423 ἐγώ,
616 2341 813 2406 παντοδαπὰ
820 2337 987 2422 εὑρημένα
995 2349 1066 2412 ταῖς

107 2436 229 2505 πόλεσι
239 2433 322 2519 πρὸς
332 2432 490 2520 φυλακήν
500 2434 556 2500 καί
567 2438 743 2519 σωτηρίαν,
761 2426 834 2498 οἷον
844 2429 1065 2515 χαρακώματα

26 2543 31 2550 ’
68 2536 164 2614 unul
174 2541 263 2619 τείχη
276 2534 331 2600 καὶ
340 2532 463 2618 τάφροι
480 2533 536 2600 καὶ
546 2529 635 2600 τᾶλλ’
647 2530 711 2600 ὅσα
720 2536 867 2598 τοιαῦτα.
891 2529 947 2595 καὶ
961 2534 1066 2594 ταῦτα

106 2636 170 2719 μέν
180 2635 272 2701 ἐστιν
282 2630 413 2698 ἀπαντα
423 2637 649 2716 χειροποίητα,
668 2630 723 2696 καὶ
741 2625 891 2712 δαπάνης
909 2629 1067 2712 προσδεῖ-

105 2756 173 2799 ται·
187 2733 228 2798 ἓν
238 2731 317 2797 δέτι
326 2727 472 2816 κοιυόνὴ
481 2733 582 2815 φάσις
592 2739 661 2796 των
672 2721 711 2795 εὖ
723 2727 993 2813 φρονοάντωνέν
1003 2722 1067 2793 αὑ-

105 2837 147 2919 τῇ
153 2831 308 2916 κέκτηται
318 2831 557 2915 φυλακτήριον,
570 2827 590 2896 δ
600 2837 682 2895 πάσι
693 2828 754 2912 μέν
766 2829 855 2894 ἐστιν
865 2823 999 2911 ἀχαθδν
1009 2826 1066 2894 καί

107 2926 289 3015 σωτήριον,
312 2930 453 3012 μάλιστα
468 2933 503 2995 δὲ
521 2942 589 3006 τοῖς
605 2926 748 3012 πλήθεσι
758 2924 842 3009 πρὸς
851 2923 930 3006 τούς
939 2926 1066 3012 τυράν-

106 3053 199 3106 νους.
221 3032 257 3092 τί
264 3018 329 3092 οὖν
340 3029 408 3092 ἐστι
424 3034 538 3104 τοῦτος
555 3025 697 3093 ἀπιστία.
730 3025 857 3109 ταύτην
873 3024 1064 3109 φυλάττετε,

101 3124 232 3210 Ιταύτης
243 3121 436 3209 ἀντέχεσθε·
449 3120 493 3191 ἀν
503 3125 629 3209 ταύτην
639 3124 771 3209 σοι’ζητε,
785 3119 886 3191 οὐδὲν
896 3122 940 3210 μή
953 3124 1066 3191 δεινὸν

67 3246 99 3300 25
108 3224 249 3310 πάθητε.
284 3230 318 3290 τί
327 3221 446 3307 ζητείτ’;
468 3228 562 3310 ἔφην.
599 3226 804 3309 ἐλευθερίαν.
836 3218 888 3289 εἶτ’
902 3219 965 3304 οὐχ
982 3218 1065 3302 ὁρά-

107 3347 143 3389 τε
156 3328 325 3391 Φίλιππον
340 3320 604 3406 ἀλλοτριωτάτας
624 3323 728 3409 ταύτῃ
746 3323 810 3390 καὶ-4
820 3322 880 3397 τάς
896 3325 1109 3401 προσηχο-72

108 3427 183 3505 ρίας
201 3425 339 3507 ἔχοντας
369 3419 525 3507 βασιλεὺς
551 3421 616 3508 χάρ
637 3423 694 3491 καὶ
713 3420 879 3506 τύραννος
904 3416 991 3494 άπας
1010 3418 1080 3502 ἔχω

238 3566 243 3573 ·
518 3563 520 3568 ·
897 3564 921 3604 ο
