2340 3894
297 211 442 275 ΠΡΟΣ
459 213 570 275 ΤΗΝ
587 214 918 279 ΕΠΙΣΤΟἈΗΝ.
1015 218 1076 285 133
1151 237 1157 251 ’

110 370 193 452 τούς
204 372 244 442 δὲ
253 374 331 458 περὶ
342 368 448 440 αύτὸν
460 370 561 450 ὄντας
571 375 722 457 ἑταίρους
731 379 787 445 καὶ
803 376 883 456 τούς
893 387 961 446 τοῖν
972 383 1076 460 ξένων

109 469 283 559 ἡγεμόνας
293 469 451 558 εὑρήσετε
462 471 565 551 δόξαν
574 473 637 559 μέν
648 467 842 558 ἔχοντας’έιά
853 474 1002 566 ἀνδρείᾳ,
1014 504 1075 548 πε-

84 646 88 654 ,
111 575 233 655 ριδεοῖς
243 568 281 638 δὲ
291 576 421 655 μᾶλλον
431 577 501 637 τοῖν
516 567 646 650 ἀδόξων
657 576 791 651 ζῶντας.
820 589 887 652 τοῖς
896 574 1032 660 μὲννάρ
1055 576 1072 647 ὁ

110 668 195 756 πρὸς
211 665 293 747 τούς
310 673 489 752 πολεμίους
509 668 616 755 μόνον
627 666 769 756 ὑπάρχει
786 677 961 760 κίνδυνος,
985 679 1020 743 οί
1039 673 1074 743 δὲ

95 765 190 847 ’τούς
201 767 350 846 κόλακας
359 767 415 834 καί
429 765 509 847 τοὺς
520 767 760 854 διαβάλλοντας
770 767 895 849 αύτούς
913 768 1074 859 μᾶλλονή

75 882 99 933 11
108 866 168 948 τάς
178 865 290 952 μάχας
299 869 441 935 δεδίασι·
464 864 613 935 κάκεῖνοι
628 865 689 952 μὲν
707 866 788 952 μετὰ
800 867 937 937 πάντων
947 868 1073 956 ἀγωνί-

109 971 225 1046 ζονται
244 963 330 1048 πρὸς
351 963 429 1042 τούς
449 962 716 1056 ἀντιταχθέντας,
741 980 810 1044 τοῖς
829 969 867 1035 δὲ
883 971 939 1035 καί
949 975 1017 1037 τῶν
1027 973 1073 1049 Ιέν

108 1079 177 1142 τοῖς
193 1065 352 1148 πολέμοις
361 1071 474 1152 κακοῖν
490 1060 554 1131 ούκ
572 1063 743 1148 ἐλάχιστον
759 1066 859 1149 μέρος
872 1067 1002 1152 μέτεστι
1017 1060 1072 1136 καὶ

108 1165 208 1249 χωρὶς
214 1165 284 1250 ίδίφ
293 1161 486 1247 τόντρύπον
492 1159 621 1229 τδντού
628 1166 788 1247 βασιλέως
795 1169 977 1248 φοβείσθαι
983 1183 1072 1251 συμ-

106 1263 264 1349 βέβηκεν.
277 1260 367 1328 ἔτιδὲ
376 1267 444 1328 τῶν
454 1260 516 1345 μέν
527 1267 661 1328 πολλῶν
672 1257 733 1327 έάν
745 1256 875 1347 ἁμάρτῃ
886 1287 944 1343 τις,
952 1267 1070 1349 ζημίαν

105 1356 192 1427 κατά
203 1355 268 1444 τήν
278 1353 374 1438 ἀξίαν
384 1365 536 1444 εἴληφεν·
559 1362 594 1425 οί
603 1355 633 1424 δ’
648 1355 729 1425 ὅταν
740 1358 881 1441 μάλιστα
893 1360 1070 1444 κατορθω-

107 1478 203 1543 σωσι,
221 1457 296 1526 τότε
312 1455 453 1544 μάλιστα
471 1462 722 1544 σκορακίζονται
738 1459 794 1524 καὶ
805 1463 1069 1542 προπηλακίζον-

71 1574 182 1639 lma,
205 1553 297 1641 παρά
317 1553 354 1623 τδ
379 1563 559 1642 προσῆκον.
593 1558 648 1624 καί
663 1555 793 1634 τούτοις
810 1552 886 1623 οὐδ’
898 1552 942 1624 ἀν
964 1552 1010 1636 είς
1029 1537 1070 1625 εύ

107 1662 250 1743 φρονῶν
261 1651 488 1742 ἀπιστήσειεν·
508 1652 597 1724 οὕτω
607 1653 672 1741 γάρ
684 1654 860 1741 φιλότιμον
870 1651 975 1723 αύτόν
984 1653 1073 1725 εἶναί

107 1772 214 1839 φασιν
224 1756 263 1823 ὀί
271 1759 567 1838 συνδιατρίψαντες
595 1750 682 1822 ὥστε
708 1752 919 1840 βουλόμενον
934 1750 974 1821 τά
986 1753 1069 1827 κάλ-

106 1862 203 1923 λιστα
226 1859 296 1921 τοῖν
317 1859 425 1939 ἔργων
446 1850 547 1921 πάνθ’
572 1850 679 1922 αὑτοῦ
701 1857 813 1921 δοκεῖν
832 1850 919 1921 εἶναι
940 1861 1069 1938 μάλλον

106 1950 278 2038 ἄχθεσθαι
287 1960 357 2020 τοῖν
363 1953 619 2038 στρατηγοῖνιιαλ
630 1960 699 2020 τῶν
708 1949 885 2039 ἡγεμόνων
895 1965 963 2030 τοῖς
972 1952 1068 2032 ἀξιον

70 2054 247 2124 ισέταίνου
258 2076 289 2119 τι
300 2049 573 2137 πράξασινήτοίς
583 2048 887 2137 ὅλωςάποτυχοῦσι.
910 2043 1065 2137 πωςούν,

106 2159 200 2236 ειπερ
212 2151 280 2217 ἐστὶ
290 2155 395 2217 ταῦτα
413 2155 569 2234 τοιαῦτα,
591 2157 713 2228 πιστοῖς
733 2150 797 2236 ήδη
820 2149 928 2218 πολύν
938 2151 1065 2236 χρόνον

105 2246 199 2338 αύτῷ
210 2253 477 2334 παραμένονσιν;
493 2246 546 2315 ὅτι
558 2255 625 2314 νύν
635 2247 707 2332 μὲν,
720 2241 747 2314 ά
759 2247 1062 2335 ἀνδρεςἈθήναίοι,

105 2345 144 2415 τύ
153 2353 352 2432 κατορθοῦν
364 2343 469 2413 αύτόν
481 2349 649 2413 έπισκοτεί
661 2348 742 2412 πᾶσι
756 2359 825 2422 τοῖς
834 2345 1011 2422 τοιούτοις·
1030 2349 1066 2411 αί

104 2443 171 2532 μάρ
192 2441 368 2527 εὐπραξίαι
393 2445 498 2513 δειναί
520 2443 711 2528 συγκρύψαι
732 2445 786 2510 καὶ
807 2442 986 2509 συσκιάσαι
1006 2442 1064 2520 τάς

89 2539 272 2629 ἀμαρτίας
281 2549 352 2610 τῶν
362 2540 559 2628 ἀνθράκων
568 2547 668 2630 εἰσίν·
692 2547 721 2609 εί
731 2543 771 2608 δέ
782 2567 814 2608 τι
831 2546 976 2624 πταίσει,
997 2536 1061 2609 τότ’

66 2638 254 2735 ίιάκριβως
271 2642 580 2728 διακαλυφθήσεται
600 2631 704 2708 ταύτα
727 2641 847 2707 πάντα.
889 2645 1064 2727 συμβαίνει

104 2741 182 2828 γάρ,
206 2740 319 2825 ὥσπερ
331 2744 368 2808 ἐν
377 2755 446 2820 τοῖς
457 2740 609 2827 σάμασιν
618 2736 731 2825 ἡμῶν·
754 2737 836 2807 ὅταν
846 2738 907 2825 μὲν
917 2740 1063 2828 ἐρρωμέ-

104 2865 164 2919 νος
182 2831 208 2929 ή
228 2866 289 2922 τις,
316 2837 418 2909 οὐδὲν
440 2839 680 2908 ἐπαισθάνεται
695 2845 765 2907 τῶν
780 2835 855 2907 καθ’
868 2841 990 2906 ἕκαστα
1001 2859 1064 2907 σα-

104 2944 215 3023 θρῶν,
227 2936 312 3006 έπάν
324 2935 356 3007 δ’
370 2936 579 3025 ἀρρωστήσῃ,
597 2939 707 3007 πάντα
718 2951 864 3024 κινεῖται,
877 2933 942 3005 κάν
955 2943 1063 3027 ῥῆγμα
1077 2938 1127 2993 ¹5⁶

103 3032 169 3115 κάν
180 3041 332 3124 στρέμμα
343 3033 406 3105 κάν
417 3037 501 3107 ἀλλο
511 3046 618 3106 τινων
626 3035 848 3122 ὑπαρχόντων
859 3029 935 3125 ήμή
948 3043 1064 3116 τελέως

103 3133 276 3225 ὑγιαῖνον·
297 3136 385 3206 οὕτω
396 3141 452 3207 καί
462 3145 531 3206 τῶν
542 3145 720 3225 βασιλειῶν
731 3137 786 3204 καί
797 3145 914 3205 πασῶν
924 3145 993 3205 τῶν
1004 3143 1066 3203 δυ-

103 3243 282 3320 ναστειῶν,
302 3236 365 3315 ἕως
385 3236 446 3323 μὲν
467 3232 511 3305 ἀν
527 3241 565 3306 έν
579 3252 648 3316 τοῖς
665 3242 820 3323 πολέμοις
838 3243 1064 3322 κατορθῶσιν,

103 3330 219 3421 ἀφανῆ
231 3332 272 3402 τά
285 3333 370 3403 κακά
380 3351 449 3414 τοῖς
459 3345 594 3416 πολλοῖς
604 3333 708 3420 ἐστίν,
726 3335 813 3405 έπάν
825 3340 904 3404 δέτι
919 3343 1064 3400 πταίσω-

103 3452 171 3515 σιν,
183 3429 205 3499 δ
215 3441 416 3516 νύνπαθείν
427 3435 516 3515 είκδς
532 3439 660 3513 ἐκείνου
676 3441 788 3521 μεῖζον
798 3427 970 3522 φορτίονή
986 3429 1062 3501 καθ’
