2340 3894
15 219 17 225 π
123 212 157 256 ιν
269 234 271 239 »
518 197 732 254 rnnnrnrro
805 167 806 170 ‘

121 353 228 434 τόνησε
257 359 389 436 λαβοῦσα
418 351 638 442 ἕκεῖνοναύτῇ,
662 381 725 418 cum
746 381 801 434 qua
824 372 982 420 nostrorum
1001 370 1129 423 nonnulli

103 461 105 465 ·
122 447 255 503 libroruin
270 455 387 504 eatenus
403 448 579 503 consentiunt
594 455 622 503 ut
637 448 760 503 dativum
777 451 931 519 praebeant
940 466 1025 526 αντη,
1040 453 1068 506 in
1085 469 1130 507 ce·

122 534 189 587 teris
206 531 274 586 nihil
292 533 411 602 aptiore
426 532 473 586 illa
485 532 622 602 scriptura
638 531 839 601 discrepantes
884 531 1031 589 Secundus
1048 537 1128 591 locus

122 621 202 670 ests.
220 633 248 670 v.
261 602 495 687 Ἐκπολεμῶσαι,
518 616 593 686 quod
615 631 650 670 ex
671 613 868 671 Demosthenis
892 615 1054 688 Philippicis
1085 616 1129 692 (id

32 709 34 712 ·
123 704 167 753 est
182 698 353 755 orationibus
372 698 538 794 Olynthiaca
553 701 685 777 primsp.
703 705 746 767 10,
762 703 807 759 29.
826 706 854 754 et
870 701 951 753 tertia
965 717 993 770 p
1009 707 1051 768 30,
1067 706 1128 770 29.)

122 780 204 836 affert
219 781 262 837 his
278 783 382 847 verbis,
397 769 618 854 Ἐκπολεμῶσαι
627 772 835 878 Δημοσθένης
846 772 1076 851 Φιλιππικοῖς’
1059 779 1126 839 αντὶ

122 862 176 921 τοῦ
198 860 238 933 εἰς
253 856 383 938 πόλεμον
406 863 602 964 καταστῆσαι,
624 853 665 934 ῶς
687 858 738 922 καλ
758 852 840 953 παρᾶ
865 862 1038 960 Θονκρδίδῃ
1056 869 1129 923 πολ-

124 939 217 1017 λολκις.
246 941 278 1004 ἐν
299 944 399 1022 μέντοι
422 950 484 1017 τοῖς
500 937 705 1016 Ἀττικιανοῖς
720 937 770 1003 διὰ
790 947 844 1004 τοῦ
866 965 886 1020 η
905 968 1065 1024 γραφεται,
1088 940 1128 1019 ῶς

79 1059 83 1064 -
122 1025 173 1086 καλ
188 1018 269 1106 παρὰ
284 1024 545 1104 Ξενοφῶντιὲνς
568 1036 678 1102 (imo5,
695 1037 720 1099 4,
736 1035 793 1100 20)
810 1021 1003 1104 Ἑλληνικῶν.
1035 1035 1128 1106 Scrip-

123 1123 200 1171 turas
216 1133 267 1186 per
284 1134 320 1188 η,
345 1119 424 1187 cujus
440 1118 566 1171 nullum
561 1135 588 1171 m
604 1117 748 1172 codicibus
771 1117 920 1188 vestigium
944 1126 1054 1174 exstare
1079 1120 1128 1173 ad·

122 1199 178 1257 huc
193 1199 356 1269 videbatur,
376 1207 473 1256 testem
489 1216 562 1255 nunc
579 1218 632 1272 ego
648 1207 765 1271 utroque
779 1201 841 1255 loco
856 1201 977 1271 produxi
1001 1203 1128 1257 codicem

122 1285 281 1339 Parisinunr
297 1283 337 1352 S.,
360 1286 388 1338 in
412 1301 466 1356 quo
480 1283 548 1338 illud
564 1285 656 1356 ipsum
674 1277 871 1356 ἐκπολεμῆσαι
893 1302 910 1340 a
930 1288 1021 1356 prima
1043 1302 1127 1340 manu

122 1369 258 1439 scriptum
274 1368 338 1435 luit,
355 1368 407 1423 sed
418 1385 434 1423 a
446 1375 603 1423 correctore
619 1368 788 1438 utrobique'
781 1385 810 1422 ιιι
825 1359 1025 1441 ἐκπολεμῶσαι
1038 1377 1127 1423 moto-

121 1455 178 1506 tum
194 1458 246 1506 est
290 1451 398 1506 Tertius
415 1451 547 1521 denique
549 1453 628 1517 locus
646 1468 681 1506 ex
704 1453 829 1507 oratione
852 1460 979 1524 sumptus
1002 1458 1044 1508 est
1062 1469 1127 1507 con·

122 1541 166 1589 tra
188 1527 374 1590 Timocratem
394 1534 488 1591 habita
515 1552 542 1605 p.
564 1539 625 1601 703,
653 1541 695 1593 15.
723 1537 769 1589 ubl
783 1526 920 1608 χρήματα
941 1521 1126 1624 ναυκραρικρλ

122 1619 152 1673 in
172 1620 242 1674 libro
265 1635 316 1674 suo
343 1619 476 1696 scriptum
505 1619 572 1688 legit
599 1618 781 1688 Harpocratio
813 1635 838 1672 s.
860 1636 889 1673 v.
918 1604 1125 1692 Ναοκραρικὰ,

123 1704 281 1774 exscriptus
297 1719 313 1758 a
328 1691 547 1771 PholioLex.p
563 1705 624 1767 287,
633 1707 695 1767 ’.,21
713 1699 765 1754 sed
782 1715 878 1754 veram
886 1716 1006 1794 ,quam
1012 1701 1125 1757 codices

123 1789 211 1842 nostri
226 1803 324 1841 omnes
341 1792 466 1853 tuentur,
482 1785 629 1840 lectionem
644 1773 777 1858 χρήματα
787 1741 1011 1859 Ναοιιρατιτικᾶ
1023 1777 1054 1838 ἐν
1065 1785 1127 1851 τοῖς

120 1858 313 1937 ’Λττικιανοῑς
334 1863 480 1944 φέρεσθαι
501 1866 653 1923 annotavit.
701 1866 848 1921 Accedunt
870 1866 993 1924 adhaec
1009 1870 1126 1923 aliorum

123 1954 297 2024 quorundam
318 1955 442 2008 locorum
464 1968 534 2022 quos
558 1951 653 2005 citavit
672 1951 854 2020 Harpocratio
880 1953 1028 2019 lectiones,
1056 1950 1141 2023 quos¹

122 2039 170 2093 vel
184 2054 283 2093 omnes
298 2038 344 2090 vel
357 2037 530 2106 pleresque
523 2051 552 2089 ιιι
573 2022 675 2102 iisdem
691 2035 832 2089 exstitisse
848 2035 932 2090 Attici
953 2037 1125 2107 apographis

122 2121 255 2176 credibile
271 2127 321 2187 est,
339 2121 440 2190 quibus
459 2117 495 2172 ad
507 2116 684 2172 emendenda
694 2123 851 2174 nostrorum
863 2118 992 2174 codicum
1003 2121 1071 2174 vitia
1083 2119 1125 2174 usi

122 2221 231 2260 sumus.
260 2205 363 2258 Eorum
380 2201 467 2256 index
481 2201 527 2256 hic
542 2207 594 2255 est

206 2304 232 2358 p.
249 2291 292 2355 84,
308 2290 351 2344 23
369 2275 518 2356 Βούχεταν
536 2281 608 2358 libri]
626 2274 758 2358 Βούχετα
773 2241 966 2357 Ηειροοιελίο.

205 2387 233 2440 p.
251 2375 311 2439 120,
325 2373 352 2428 7.
366 2367 476 2440 μαλακι
477 2358 599 2442 ζόμεθα]
615 2366 817 2452 μαλκίομεν“).

195 2562 221 2623 ε)
240 2560 308 2625 Herp
311 2561 446 2611 optationis
470 2561 557 2626 glossa
580 2557 1126 2638 Ιιιοοεε1,μαλκίομενιΔημοσθένης

122 2620 157 2678 θ’
181 2626 361 2677 Φιλιππικῶν
387 2641 457 2693 φησι
470 2627 613 2709 ι”μένομεν
636 2626 683 2680 καὶ
707 2598 942 2693 μαλακιζόμεθαῗ
984 2621 1014 2676 ἐν
1039 2621 1126 2685 ἐνίοις

107 2710 259 2762 Ιμραφεται
290 2694 359 2761 (libri
380 2697 496 2762 plerique
519 2691 678 2778 μρολφομεν,
703 2699 771 2761 quod
800 2712 831 2746 ex
858 2687 1040 2777 γραφόμενον
1069 2713 1126 2748 cor·

122 2775 225 2846 ruptum
244 2779 300 2816 esse
318 2764 415 2831 potest)
432 2756 636 2831 μαλκίομεν,”
618 2779 688 2830 οπερ
708 2763 793 2830 δηλοῖ
812 2757 863 2814 τὸν
883 2756 972 2829 ὄρρον
988 2765 1124 2842 φρίττειν.

122 2834 202 2904 Quae
212 2835 247 2882 ita
270 2835 338 2883 dicto
360 2843 419 2884 sunt
442 2843 468 2885 ut
489 2833 642 2898 μαλκίομεν
664 2849 803 2899 paucorum
822 2834 955 2893 librorum,
979 2825 1126 2897 μαλακιζό-

121 2892 198 2967 μεθα
221 2903 398 2967 plerorumque
422 2905 546 2980 scriptura
569 2903 650 2953 luisse
675 2903 797 2952 videatur.
837 2870 1006 2953 Nihilominus
1031 2910 1126 2950 certum

120 2971 211 3021 heberi
229 2977 313 3036 potest
329 2964 538 3035 μαλακιζόμεθα
554 2973 647 3022 veteris
666 2971 814 3024 correctoris
838 2987 908 3036 esse,
931 2970 1126 3021 Demosthenem

122 3049 207 3089 autem
231 3037 384 3103 μαλκίομεν
400 3042 549 3104 scripsisse,
568 3041 636 3103 quod
654 3042 761 3090 restitui.
781 3041 853 3089 Adeo
871 3041 937 3089 enim
955 3039 1003 3090 hoo
1021 3039 1125 3088 verbum

122 3109 238 3174 ignotum
256 3107 367 3157 librariis
383 3108 432 3158 fuit
449 3117 476 3158 ut
493 3108 601 3160 fonnem
618 3110 672 3173 ejus
687 3110 733 3158 vix
751 3113 858 3172 usquam
876 3110 1047 3172 incorruptam
1065 3108 1125 3157 reli-

123 3178 231 3240 querint.
268 3177 296 3224 Iu
322 3177 439 3227 lemmate
456 3177 557 3244 glossae
576 3179 783 3242 Harpocrationis
801 3192 867 3227 unns
885 3183 981 3238 tentum
999 3176 1080 3225 codex
1102 3185 1126 3226 et

122 3245 239 3310 Epitome
258 3254 390 3296 serverum
407 3244 572 3310 μαλκίομενε
599 3246 714 3312 plerique
732 3230 917 3309 μαλακίζομεν
933 3245 973 3294 vel
992 3243 1126 3308 μαλακίο-

123 3327 191 3378 μεμε
219 3315 245 3363 in
261 3315 385 3379 proximis
404 3314 489 3364 verbis
509 3329 574 3366 unus
592 3322 687 3364 tantum
711 3314 775 3365 liber
798 3311 964 3378 μαλκίομεν,
990 3312 1057 3362 nllus
1075 3329 1126 3377 μα

122 3380 230 3446 κίομεν,
250 3383 318 3445 quod
336 3382 404 3432 idem
417 3391 468 3448 est,
491 3382 607 3465 plerique
624 3398 711 3433 rursus
733 3381 916 3447 μαλακίομιν.
957 3383 1070 3446 Longius
1093 3382 1125 3430 eb

122 3456 183 3501 vero
202 3449 364 3502 deflexerunt
374 3452 497 3521 librsrli
490 3467 517 3501 ιιι
534 3452 591 3502 eliis
608 3453 788 3517 scriptoribus,
808 3451 898 3502 lormis
915 3449 980 3502 fictis
1001 3446 1127 3514 μαλακιῶ
