2340 3894
295 233 439 300 RATA
459 239 729 302 ,ΦΙΛΙΠΠΟΤ
747 245 788 303 Δ.
959 242 1017 305 117

21 414 54 470 19
61 395 198 488 ᾐτιῶντ’
219 394 263 466 άν
279 396 384 468 αὐτὸν
393 403 594 484 Καρδιανοῖς
608 403 869 486 βεβοηθηκέναι,
891 400 934 489 μή
952 411 1023 472 τοί-

61 523 131 564 νυν
142 501 264 582 ζητείτε
276 495 391 565 ὅντινα
402 496 483 564 ἄνθ’
498 489 547 565 ών
558 505 720 577 Φίλιππος
736 502 950 585 ἐξαμαρτάνει
967 529 1020 588 μι-

62 594 183 679 σήσετε
198 594 256 662 καὶ
271 608 339 674 τοῖς
357 593 435 683 παρ’
455 600 584 663 ἐκείνου
601 603 827 680 μισθαρνοῦσι
838 598 1021 668 διασπάσα-

63 700 147 759 σθαι
163 699 397 778 παραβαλεῖτε·
419 692 494 780 μηδ’
516 691 609 761 αὐτοὶ
625 695 911 781 χειροτονήσαντες
922 699 1022 766 πόλε-

62 814 127 874 μον
143 788 312 876 βούλεσθε
329 788 407 873 παρ’
429 788 541 868 αὐτοῖς
558 789 637 876 ὑμῖν
653 794 785 876 ἐρίζειν,
808 799 839 860 εί
855 797 932 862 δέου
943 792 965 880 ή
975 792 1019 883 μή

62 888 144 962 δέον
159 883 248 972 ὑμᾶς
264 895 362 955 τοῦτο
378 893 605 974 πεποιηκέναι·
629 885 704 955 ἀλλ’
721 887 761 957 ὃν
778 892 904 970 ἐκεῖνος
920 902 1021 960 πολε-

60 985 272 1071 μείτρόπου,
293 994 414 1054 τοῦτόν
441 995 611 1071 μιμεῖσθε,
633 1002 703 1065 τοῖς
720 989 781 1073 μὲν
797 986 1019 1076 ἀμυνομένοις

60 1082 126 1170 ήδη
136 1083 288 1170 χρήματα
308 1087 363 1153 καλ
380 1084 483 1154 τᾶλλα
501 1085 591 1153 ὅσιον
610 1079 739 1152 δέονται
773 1087 936 1176 διδόντες,
955 1086 1018 1156 αὕ-

61 1182 113 1250 τολ
123 1178 157 1248 δ’
172 1184 398 1269 εἰσφέροντες,
407 1176 439 1250 ώ
451 1183 570 1268 ἄνδρες
576 1181 757 1275 Ἀθηναῖοι,
769 1188 823 1252 καὶ
834 1206 1017 1269 κατασκευ-
1096 1268 1099 1273 ¹
1140 1245 1143 1252 ,

61 1279 216 1365 αζόμενοι
227 1278 429 1365 στράτευμα,
445 1279 588 1365 τριήρεις
598 1287 741 1365 ταχείας,
760 1287 897 1367 ἵππους,
916 1289 1018 1351 ίππα-

24 1372 212 1461 οογωγοῦς,
234 1375 337 1444 τάλλα
353 1375 417 1444 ὅσα
436 1383 482 1454 είς
499 1377 660 1463 πόλεμον,
684 1381 752 1445 ἐπεὶ
773 1386 838 1445 νῦν
859 1405 895 1463 γε
917 1387 1018 1465 γέλως

61 1472 138 1542 ἔσθ’
153 1471 200 1553 ώς
209 1477 366 1561 χρώμεθα
376 1489 444 1554 τοῖς
454 1477 637 1561 πράγμασι,
659 1477 714 1543 καὶ
726 1482 891 1544 Φίλιππον
909 1476 939 1544 δ’
955 1477 1018 1545 αὐ-

60 1569 121 1641 τδν
131 1569 236 1640 οὐδέν
249 1569 293 1639 άν
309 1573 390 1642 ἄλλο
408 1573 499 1661 οἶμαι
514 1572 559 1660 μά
570 1575 648 1653 τοὺς
658 1572 762 1653 θεοὺς
773 1569 932 1655 εὔξασθαι
943 1601 1019 1644 ποι-

61 1683 109 1740 etv
119 1668 186 1758 τήν
196 1668 440 1759 πόλινήταῦτα
462 1669 708 1741 δι’νῦνποιείτε·
730 1672 921 1761 ὑστερίζετε,
935 1674 1017 1742 άνα-

60 1779 207 1855 λίσκετε,
218 1767 285 1860 ὅτμ
297 1772 509 1858 παραδώσετε
520 1772 560 1840 τά
573 1773 747 1861 πράγματα
758 1780 887 1863 ζητεῖτε,
900 1781 1018 1863 δυσχε-

61 1873 210 1954 ραίνετε,
221 1867 385 1956 ἀλλήλους
396 1878 554 1939 αίτιοῖσθε.
585 1870 646 1958 ἀφ’
660 1865 703 1941 οὗ
714 1876 748 1942 δὲ
759 1882 862 1942 ταῦτα
873 1881 1018 1961 γίγνεται

27 1988 53 2040 21
62 1966 125 2052 ἐγώ
137 1967 278 2054 διδάξω,
300 1970 356 2037 καὶ
368 1969 457 2049 ὅπως
468 1970 627 2038 παύσεται
638 1973 728 2052 λέξω.
762 1971 862 2041 οὐδὲν
873 1972 1015 2059 πώποτε,
1029 1993 1078 2049 137

62 2056 88 2132 ώ
95 2061 415 2152 άνδρεςἏθηυαῑοι,
436 2075 504 2135 τών
514 2070 717 2155 πραγμάτων
728 2074 759 2150 ἐξ
771 2069 870 2158 άρχής
883 2073 1015 2158 ἐνεστή-

62 2160 261 2232 σασθεούδὲ
272 2165 559 2234 κατεσκευάσασθε
571 2165 700 2252 ὀρθῶς,
723 2166 805 2234 ἀλλὰ
825 2167 861 2235 τδ
874 2178 1016 2256 συμβασ-

61 2288 122 2332 υσν
138 2261 193 2330 άελ
214 2262 363 2348 διώκετε,
386 2262 442 2332 εἶτ’
467 2263 601 2332 ἐπειδάν
622 2262 827 2349 ὑστερίσητε,
850 2266 1015 2332 παύεσθε·

60 2363 175 2448 ἕτερον
188 2358 291 2427 πάλιν
299 2357 343 2429 άν
353 2369 464 2450 συμβῇ
474 2388 520 2446 τι,
543 2361 833 2446 παρασκευάζεσθε
843 2364 898 2429 καί
909 2372 1018 2446 θορυ-

28 2466 187 2546 λθβείσθε.
218 2457 257 2528 τδ
278 2458 309 2526 δ’
333 2459 395 2546 οὐχ
412 2460 518 2539 οὕτως
536 2466 615 2545 ἔχει’
638 2457 701 2526 οὐκ
721 2463 824 2525 ἔνεστι
848 2463 1018 2544 βοηθείαις

61 2563 252 2646 χρωμένους
262 2557 363 2628 οὐδὲν
372 2569 441 2627 τών
453 2559 599 2627 δεόντων
609 2560 687 2625 ποτὲ
698 2560 832 2643 πρᾶξαι,
855 2553 937 2623 ιἰλλά
956 2582 1018 2623 κα-

62 2658 330 2737 τασκευάσαντας
341 2663 394 2748 δεί
400 2658 560 2745 δύναμιν,
582 2657 638 2724 καὶ
654 2653 784 2741 τροφήν
799 2653 904 2741 ταάτη
921 2660 1017 2741 πορίῖ

61 2775 183 2838 σαντας
192 2760 249 2827 καὶ
259 2764 375 2843 ταμίας
385 2759 440 2825 καὶ
451 2761 639 2842 δημοσίους,
651 2754 706 2821 καὶ
717 2751 806 2832 ὅπως
818 2757 866 2820 ἔνι
876 2751 938 2838 τήν
947 2759 1017 2819 τών

60 2857 237 2943 χρημάτων
247 2856 402 2942 φυλακήν
413 2853 652 2942 ἀκριβεστάτην
662 2853 830 2937 γενέσθαι,
842 2847 929 2918 οὕτω
941 2875 1017 2918 ποι-

52 2948 221 3040 ’ήσαυτὶις,
242 2952 304 3022 τδν
321 2954 383 3040 μὲν
400 2962 468 3022 τών
484 2953 662 3039 χρημάτων
676 2951 777 3037 λόγον
788 2947 1017 3035 παράτοάτιον

61 3051 261 3139 λαμβάνειν,
283 3049 346 3119 τδν
366 3051 403 3119 δὲ
419 3060 488 3118 τών
505 3056 612 3135 ἔργον
630 3047 718 3135 παρὰ
735 3056 797 3116 τοῦ
818 3056 1015 3136 στρατηγοῦ,

62 3153 116 3219 καὶ
131 3154 298 3238 μηδεμίαν
314 3150 484 3235 πρόφασιν
501 3157 563 3215 τοῦ
579 3155 674 3215 πλεῖν
690 3146 809 3214 ἄλλοσε
824 3141 846 3232 ή
861 3147 1017 3231 πράττειν

29 3248 141 3319 nmo
158 3275 191 3318 τι
207 3254 254 3338 τῷ
270 3256 444 3336 στρατηγῷ
458 3256 674 3316 καταλείπειν.
704 3241 747 3312 άν
765 3242 794 3311 δ’
816 3242 904 3311 οὕτω
920 3241 1016 3326 ποιή-

63 3347 212 3435 σητεκαλ
227 3343 322 3415 τοῦτ’
341 3347 520 3434 ἐθελήσητε
537 3343 581 3425 ώς
596 3344 747 3430 άληθώς,
769 3341 863 3428 άγειν
882 3338 1017 3424 εἰρήνην

64 3448 195 3513 δικαίαν
209 3445 267 3512 καί
283 3445 398 3529 μένειν
416 3446 468 3512 ἐπὶ
482 3453 541 3532 τῆς
557 3441 662 3512 αὑτοῦ
679 3448 847 3510 Φίλιππον
869 3435 1017 3521 ἀναγκά-
