2340 3894
309 186 737 281 ὀενιιοικιτοε
770 219 808 281 r.
1012 216 1056 278 εο

56 394 88 448 17
98 371 337 463 οὒβάρβαροςς
359 374 421 461 οὐχ
438 377 459 444 ὅ
475 402 507 444 τι
521 371 567 443 άυ
584 385 671 444 εἰποι
685 402 751 457 τις;
772 375 856 446 άλλδι
867 375 1055 464 πρόςθεων
1136 381 1139 390 ’

97 471 209 540 πάντα
224 475 379 551 ἐάσαντες
395 476 450 541 καί
466 474 575 559 μόνον
591 471 666 558 οάχὶ
683 477 1054 558 συγκατασκευάσαντες

97 568 190 659 αὐτῷ
199 570 274 639 τότε
284 568 364 650 τούς
381 577 516 655 αἰτίους,
538 574 657 650 οίτινός
673 579 747 658 εἰσι,
767 574 898 643 τούτων
914 574 1054 669 ζητήσο-

95 695 173 755 μεν;
187 667 231 736 οό
240 668 305 755 γάρ
323 666 461 736 αὐτοί
428 696 449 755 γ
475 679 573 738 αἰτιοι
583 671 738 755 φησομεν
755 671 839 739 εἰναι
845 720 856 755 ,
875 662 1054 755 σαφάςοί-

96 771 137 834 δα
147 792 229 834 τουτ
227 763 323 886 ’ἐγω
354 764 484 834 ουδε
444 794 509 853 γαρ
521 770 637 846 ἐντοῖς
646 793 709 835 του
696 773 869 855 πολέμου
879 770 1053 847 κινδυνοις

94 871 164 931 τῶν
186 864 368 948 φυγόντων
388 861 537 942 οὐδεὶς
520 873 642 933 εαυτοῦ
668 882 859 956 κατηγορεῖ,
882 867 968 937 άλλά
989 876 1051 936 τοῦ

95 952 284 1046 στρατηγοῦ
295 965 351 1030 καί
361 970 430 1029 τῶν
441 967 655 1049 πλησίον-καί
675 967 812 1035 πάντων
827 975 967 1053 μᾶλλον,
989 965 1052 1054 ἥτ-
1108 1040 1111 1045 ,

94 1085 210 1146 τηνται
221 1056 254 1127 δ’
266 1058 357 1145 ὅμως
370 1061 425 1128 διά
438 1063 565 1140 πάντας
577 1065 656 1141 τους
666 1062 836 1149 φυγόντας
846 1066 971 1151 δήπου·
989 1069 1051 1150 μέ·

95 1183 167 1226 νειν
177 1155 242 1243 γάρ
254 1161 330 1244 ἐξῆν
339 1166 385 1248 τῷ
397 1170 637 1245 κατηγοροῦντι
648 1171 716 1228 τοῖν
727 1161 849 1247 ἄλλων,
867 1171 898 1232 εἰ
914 1167 949 1231 δὲ
959 1160 1045 1232 τοῦτ’

59 1280 88 1334 18
96 1261 198 1326 ἐποίει
208 1258 355 1340 ἕκαστος,
367 1261 486 1324 ἐνίκων
498 1257 549 1324 άν.
573 1262 628 1326 καὶ
638 1268 703 1327 νῦν
714 1258 756 1326 οά
765 1264 852 1345 λέγει
862 1287 910 1339 τις
920 1261 960 1329 τά
971 1267 1051 1349 βέλ-

94 1376 203 1438 τιστας
229 1353 373 1434 άναστάς
393 1355 493 1435 άλλος
514 1358 645 1443 εἰπάτω,
668 1355 712 1442 μὴ
733 1366 854 1425 τοῦτον
876 1358 1048 1428 αἰτιάσθω.

94 1457 207 1539 ἕτερος
225 1455 314 1538 λέγει
331 1479 380 1533 τις
399 1462 534 1542 βελτίω;
550 1463 656 1523 ταῦτα
676 1471 800 1525 ποιεῖτε
821 1457 936 1557 άγαθῇ
955 1459 1049 1544 τύχῃ.

95 1551 163 1622 ἀλλ’
176 1549 239 1638 οὐχ
256 1552 340 1640 ἡδέα
360 1561 479 1633 ταῦτας
501 1552 613 1622 οὐκέτι
638 1554 732 1624 τοῦθ’
756 1554 774 1623 ὁ
801 1548 909 1640 λὲγων
931 1555 1047 1642 άδιιιεῑ,

95 1650 225 1738 πλὴνεί
234 1655 310 1720 δέον
321 1651 483 1732 ευξασθαι
494 1661 696 1739 παραλείπει
720 1654 777 1734 εάξ
760 1659 882 1734 ξασθαι
899 1651 1009 1740 μὲν
969 1680 1047 1740 γαρ,

95 1777 121 1817 ω
109 1743 271 1830 ’ἄνδρες
265 1759 441 1838 Αθηναῖοι,
452 1752 580 1839 ῥᾴδιον,
600 1760 649 1831 εἰς
662 1751 765 1820 ταύτὸ
777 1750 878 1820 πάνθ’
890 1750 952 1819 ὅσα
962 1753 1048 1839 βοά-

93 1857 186 1918 λεταί
193 1875 244 1929 τις
254 1847 461 1934 ἁθροίσαντα
472 1854 511 1919 ἰν
526 1849 642 1942 ὀλίγῳ·
665 1855 800 1920 ἑλέσθαι
811 1851 862 1935 δὲ,
881 1851 962 1918 ὅταν
972 1856 1048 1934 περὶ

93 1951 299 2036 πραγμάτων
308 1959 460 2038 προτεθῇ
471 1964 618 2036 σκοπεῖν,
628 1948 742 2018 οὐκέθ’
757 1947 878 2036 ὁμοίως
889 1949 1046 2036 εὔπορον,

94 2045 182 2116 άλλδι4
191 2047 291 2116 δεϊτά
301 2052 453 2134 βέλτιστα
464 2047 538 2117 ἀντὶ
547 2056 616 2117 τοῖν
626 2047 744 2137 ἡδέων,
756 2045 802 2117 άν
812 2048 857 2136 μὴ
870 2049 1049 2137 συναμφό-

58 2157 86 2212 19
93 2170 172 2231 τερα
182 2150 248 2234 ἐξῇ,
260 2146 451 2232 λαμβάνειν.
478 2153 509 2215 εἰ
524 2151 563 2214 δέ
570 2175 619 2226 τις
634 2146 715 2234 ἡμῖν
725 2154 790 2234 ἔχει
805 2153 860 2217 καὶ
871 2149 912 2216 τά
922 2160 1048 2233 θεωρι-

92 2243 271 2313 ιιάένῖνκαί
282 2245 407 2329 πόρους
422 2248 553 2331 ἑτέρους
569 2250 678 2331 λέγειν
698 2246 962 2333 στρατιωτικοδς,
983 2243 1047 2328 οὐχ

91 2335 189 2421 οὗτος
199 2349 372 2427 κρείττων,
394 2355 481 2412 είποι
491 2339 540 2421 τις
551 2343 603 2411 άν.
626 2343 705 2430 φήμ’
718 2350 831 2429 ἔγωγε,
843 2352 933 2425 εἰπερ
945 2349 1045 2429 ἔστιν,

91 2433 443 2529 άάνδρεςἈθηναίοι·
456 2440 540 2510 ἄλλά
551 2444 712 2528 θαυμάζω
726 2452 759 2510 εἰ
764 2443 812 2533 τρό
820 2465 898 2509 ποτε
907 2438 1047 2525 ἀνθρά-

55 2572 58 2577 ⁴
89 2538 197 2628 πωνῆ
208 2543 346 2628 γέγονεν
366 2538 389 2628 ἢ
410 2541 598 2628 γενήσεται,
622 2538 665 2610 άν
678 2542 719 2611 τά
729 2541 880 2626 παρόντα
890 2538 1047 2628 άναλτόσῃ

90 2637 174 2722 πρὸς
194 2637 218 2708 ά
239 2638 284 2725 μὴ
307 2645 366 2724 δεῖ,
388 2648 456 2710 τῶν
478 2639 635 2708 ἀπόντων
655 2638 839 2725 εὐπορῆσαι
854 2637 937 2725 πρός
953 2635 975 2704 ά
986 2642 1070 2707 det:

91 2736 158 2806 ἀλλ’
172 2737 281 2824 οἶμαι,
302 2740 470 2823 μέγατοίς
479 2739 644 2817 τοιούτοις
658 2736 800 2824 ὑπάρχει
816 2737 926 2822 λόγοις
936 2733 957 2823 ἡ
968 2735 1044 2820 παρ’

90 2837 232 2905 ἑκάστου
240 2837 414 2922 βούλησις,
434 2837 550 2923 διόπερ
569 2840 695 2925 ῥᾷστον
712 2834 871 2904 ἁπάντων
881 2837 970 2904 ἐστὶν
980 2833 1044 2902 αὑ-

89 2934 148 3002 τόν
158 2937 373 3021 ἐξαπατῆσαι·
383 2931 403 3003 δ
415 2933 479 3021 γάρ
490 2935 654 3022 βούλεται,
662 2932 757 3003 τοῦθ’
764 2937 901 3014 ἕκαστος
910 2938 964 3003 καί
975 2945 1045 3004 οἰε·

52 3050 151 3120 λοται,
158 3031 200 3101 ’τά
206 3036 243 3101 δὲ
253 3035 429 3118 πράγματα
437 3033 593 3112 πολλάκις
604 3033 666 3119 οὐχ
672 3032 760 3101 οὕτω
767 3036 925 3119 πέφυκεν.
943 3031 1040 3119 ὁρᾶτε
1049 3046 1087 3100 34

89 3124 326 3217 οὖν,ω’άνδρες
333 3130 513 3217 Ἀθηναῖοι,
520 3131 617 3200 ταῦθ’
626 3132 741 3215 οὕτως,
749 3132 900 3211 ὅπωςκαί
907 3131 947 3200 τά
956 3132 1042 3216 πρά·
1058 3157 1068 3177 ·

88 3255 196 3315 γματα
217 3232 382 3315 ἐνδέχεται
409 3232 463 3298 καί
490 3231 681 3315 δυνήσεσθε
701 3231 819 3310 ἐξιέναι
840 3234 895 3299 καὶ
916 3227 1043 3314 μισθόν

89 3329 182 3408 ἕξετε.
220 3328 262 3400 νά
272 3355 323 3397 τοι
338 3329 526 3415 σωφρόνων
537 3327 615 3396 οὐδὲ
626 3336 791 3414 γενναίων
802 3330 891 3395 ἐστὶν
903 3323 1043 3407 άνθρεό-
1079 3334 1091 3359 ·

89 3448 170 3514 πων,
184 3428 395 3506 ἐλλείποντάς
405 3454 436 3494 τι
446 3425 484 3493 δι’
498 3432 629 3495 ἔνδειαν
638 3428 814 3515 χρημάτων
825 3432 894 3492 των
904 3429 966 3492 τοῦ
979 3448 1044 3492 πο-
