2340 3894
292 214 422 276 ΠΕΡΙ
443 214 543 275 ΤΟΥ
561 212 858 276 ΣΤΕΦΑΝΟΤ.
986 215 1051 280 269

89 375 145 442 καί
163 377 295 461 τρέμων
310 377 368 442 καὶ
384 371 435 442 ἀεὶ
458 377 690 459 πληγήσεσθαι
710 380 907 456 προσδοκῶν
929 376 977 463 ἐφ’
1000 374 1051 457 οἷς

91 481 204 563 σαυτῷ
221 473 376 562 συνῄδεις
393 470 583 555 ἀδικοῦντι,
603 474 640 538 ἐν
655 468 704 550 οἷς
722 473 751 539 δ’
764 471 933 559 ἠτύχησαν
945 480 979 542 οί
988 475 1052 544 ἀλ-

46 586 83 640 64
92 580 161 658 λοι,
179 570 312 658 θρασύς
330 567 379 638 ἀν
395 569 451 655 ὑφ’
462 570 621 638 ἀπάντων
638 563 734 650 οἶμαι.
767 579 874 640 καίτοι
890 572 981 653 ὅστις
999 569 1066 660 χι-’

91 678 176 739 λίων
192 679 339 739 πολιτῶν
354 668 602 737 ἀποθανόντων
619 670 803 754 ἐθάρρησε,
824 679 858 738 τί
875 665 973 751 οὗτος
985 697 1052 739 πα-

90 780 169 837 θεῖν
185 765 251 836 ὑπὸ
270 777 339 835 τῶν
356 768 489 847 ζώντων
516 768 643 846 δίκαιός
663 771 768 848 ἐστιν;
803 769 910 838 πολλά
931 779 1051 839 τοίνυν

91 866 173 953 ἕτερ’
185 872 292 934 εἰπεῖν
307 871 391 952 ἔχων
409 868 484 950 περὶ
500 863 609 933 αύτοῶ
625 874 836 950 παραλείψω·
859 869 901 935 ού
912 868 975 954 γάρ
993 870 1046 939 όσ’
1056 892 1113 948 315

92 965 137 1032 ἀν
148 968 288 1050 δείξαιμι
299 962 455 1047 προσόντ’
472 965 590 1050 αίσχρά
601 967 708 1034 τούτω
726 969 783 1035 καί
801 965 928 1056 ὀνείδη,
947 969 1049 1038 πάντ’

91 1064 184 1150 οἶμαι
207 1068 278 1131 δεῖν
300 1062 441 1149 εὐχερῶς
463 1069 587 1151 λέγειν,
612 1063 680 1133 ἀλλ’
700 1064 764 1134 όσα
784 1069 889 1154 μηδὲν
911 1070 1053 1213 αἰσχρόν

90 1168 182 1232 ἐστιν
195 1169 298 1232 εἰπεῖν
310 1166 390 1249 ἐμοί.

46 1313 81 1371 65
174 1292 342 1374 Ἐξέτασον
354 1302 471 1362 τοίνυν
483 1318 549 1376 παρ
549 1291 741 1380 ’ἀλληλα
705 1321 745 1361 τα
757 1297 809 1362 σοι
820 1293 917 1381 κάμοι
906 1297 1049 1382 βεβιω-

90 1396 186 1480 μένα,
198 1391 321 1479 πράως,
334 1393 379 1480 μη
391 1399 525 1480 πικρῶς,
539 1398 693 1478 Αἰσχίνη·
718 1391 775 1460 εἴτ’
790 1392 958 1480 ἐρώτησον
969 1420 1050 1461 του-

90 1495 186 1561 τουσὶ
209 1492 270 1579 τὴν
291 1494 436 1578 ποτέρου
456 1492 560 1579 τύχην
582 1487 625 1557 ἀν
649 1488 751 1558 ἕλοιθ’
770 1493 905 1570 ἕκαστος
925 1488 1047 1561 αὐτῶν.

91 1596 260 1670 ἐδίδασκες
272 1591 464 1679 γράμματα,
477 1587 541 1674 ε’γῶ
557 1588 587 1656 δ’
602 1592 754 1674 ἐφοίτων.
790 1592 923 1676 ἐτέλεις,
937 1589 1000 1677 ἐγῶ
1014 1593 1048 1659 δ’

90 1693 281 1779 ἐτελούμην.
306 1692 473 1778 ἐχόρευες,
486 1687 549 1773 ἐγώ
563 1687 594 1756 δ’
608 1688 797 1774 ἐχορήγουν.
822 1691 1051 1777 ἐγραμμάτευ-

91 1818 136 1876 ες,
147 1788 211 1876 ἐγῶ
224 1788 256 1857 δ’
269 1787 496 1876 ἠκκλησίαζον.
520 1792 807 1874 ἐτριταγωνίστεις,
820 1785 883 1874 ἐγῶ
898 1786 929 1857 δ’
942 1789 1049 1858 ἐθεῶ-

91 1917 186 1976 ρουν.
211 1891 392 1972 ἐξέπιπτες,
406 1889 469 1974 ἐγω
482 1886 513 1956 δ’
527 1885 708 1974 ἐσύριττον.
740 1885 825 1972 ὑπὲρ
837 1898 906 1956 τῶν
917 1892 1049 1974 ἐχθρῶν

48 2007 81 2060 66
90 1995 325 2059 πεπολίτευσαι
345 1989 471 2073 πάντα,
495 1984 557 2073 έγῶ
577 1985 610 2054 δ’
625 1985 709 2073 ὑπὲρ
728 1994 785 2074 τῆς
802 1994 965 2076 πατρίδος.
1003 1994 1047 2057 έῶ

88 2087 203 2172 τάλλα,
215 2084 298 2154 ἀλλά
309 2090 386 2155 νυνὶ
404 2087 548 2174 τήμερον
560 2084 621 2171 ἐγώ
635 2085 696 2172 μὲν
707 2083 791 2170 ὑπὲρ
802 2095 863 2154 τοῦ
875 2109 1049 2176 στεφανω-

88 2197 195 2274 θῆναι
208 2186 438 2273 δοκιμάζομαι,
457 2183 493 2252 τό
507 2187 543 2251 δὲ
554 2182 631 2269 μηδ’
646 2182 759 2252 ὁτιοῦν
771 2184 899 2254 ἀδικεῖν
912 2186 1047 2274 ἀνωμο-

89 2286 250 2373 λόγημαι,
270 2287 375 2353 σοὶδὲ
393 2282 588 2370 συκοφάντη
606 2283 668 2367 μὲν
680 2281 763 2349 εἶναι
775 2288 885 2351 δοκεῖν
896 2282 1047 2369 ὑπάρχει,

92 2385 301 2464 κινδυνεύεις
314 2384 349 2454 δὲ
361 2394 425 2453 είτε
437 2388 487 2452 δεί
497 2381 530 2450 σ’
543 2387 589 2448 ἔτι
598 2387 697 2448 τοῦτο
711 2395 827 2464 ποιεῖν,
842 2381 901 2448 είτ’
913 2381 976 2468 ἤδη
988 2408 1048 2448 πε-

93 2495 247 2554 παῦσθαι
256 2482 301 2573 μη
314 2484 543 2572 μεταλαβόντα
554 2480 590 2548 τό
602 2481 701 2566 μέρος
711 2487 780 2546 τῶν
795 2480 928 2566 ψήφων.
964 2478 1048 2566 ἀγα-

91 2590 141 2672 θῇ
153 2580 193 2670 γ’,
206 2582 267 2670 ούχ
279 2584 375 2673 ὁράς;
401 2582 483 2670 τύχη
496 2575 732 2666 συμβεβιωκὼς
742 2587 800 2666 τῆς
810 2581 889 2668 ἐμῆς
902 2576 946 2660 ῶς
958 2580 1059 2667 φαύ-.

92 2690 152 2769 λης
163 2697 365 2770 κατηγορεῖς.

47 2830 82 2886 67
177 2818 265 2896 Φέρε
278 2813 317 2896 δη
332 2815 386 2879 καὶ
398 2814 455 2891 τάς
466 2821 533 2887 τῶν
550 2817 769 2897 λειτουργιῶν·
782 2817 979 2898 μαρτυρίας,
999 2802 1050 2879 ῶν

90 2910 364 2997 λελειτούργηκα,
387 2909 465 2996 ὑμίν
484 2909 627 2996 ἀναγνῶ.
661 2907 734 2998 παρ’
750 2907 788 2989 ἀς
805 2911 1048 2997 παρανάγνωθι

90 3014 147 3078 καὶ
158 3009 202 3077 σύ
216 3035 272 3095 μοι
283 3008 341 3088 τὰς
353 3009 461 3096 ῥήσεις
473 3008 511 3088 ἀς
522 3012 712 3096 ἐλυμαίνου,

245 3122 309 3206 ἥκω
321 3133 434 3208 νεκρῶν
446 3135 606 3207 κευθμῶνα
618 3129 668 3190 καὶ
679 3122 785 3191 σκότου
795 3126 891 3204 πύλας

90 3223 147 3290 καὶ

247 3332 440 3406 κακαγγελεῖν
449 3327 504 3406 μὲν
514 3330 580 3389 ἴσθι
591 3321 632 3408 μη
642 3324 770 3391 θέλοντά
781 3351 825 3408 με,

95 3440 150 3504 καλ
161 3437 268 3504 κακὸν
278 3443 388 3516 κακῶς
399 3458 437 3505 σε
449 3438 589 3523 μάλιστα
600 3439 662 3526 μὲν
675 3443 710 3507 οί
720 3439 813 3521 θεοὶ,
833 3440 945 3503 ἔπειτα
956 3426 1052 3504 οὗτοι
