2340 3894
144 207 188 271 24
354 210 400 266 111.
431 199 893 274 ΔΗΜΟΣΘΕΝΟῬΣ

144 369 377 451 ἐπαινέσεσθε,
396 362 480 432 ἀλλὰ
492 364 547 430 καὶ
557 358 645 446 ὑμᾶς
656 358 780 438 αὐτοὺς
790 356 950 444 ὕστερον,
971 359 1106 444 βέλτιον

145 470 214 533 τῶν
225 461 314 531 ὅλων
327 460 530 548 πραγμάτων
540 456 620 545 ὑμῖν
631 458 781 543 ἐχόντων.

474 740 768 750 ...Μ-

370 935 798 1006 ΟΛΥΝΘΙΑΚΟΣ
840 936 879 1003 Γ.

476 1103 772 1163 ΤΠΟΘΕΣΙΣ

137 1268 319 1366 Επεμψαν
334 1280 484 1388 βοήθειαν
494 1293 555 1362 τοῖς
573 1281 740 1360 Ὀλυνθίοις
761 1287 793 1348 ολ
811 1277 979 1388 Ἀθηναῖοι,
1000 1287 1056 1348 καί
1075 1309 1104 1348 τι

145 1373 391 1475 κατορθρῦνξ
327 1372 391 1444 ἔδοξ
392 1393 430 1431 οιν
448 1361 534 1432 δι”
497 1376 598 1471 συκῆς,
622 1370 673 1432 κοιλ
694 1375 786 1431 ταῦτα
807 1363 908 1443 αὐτοῖς
915 1362 1103 1450 ἆπηγγέλλιυ

144 1482 186 1522 το.
210 1449 227 1521 ό
247 1452 279 1516 δὲ
299 1455 390 1536 δῆμος
412 1448 578 1535 περιχαρὴς,
600 1457 675 1516 οἵτε
692 1449 1103 1555 ρητορεςπαρακαλονσινέπλ

144 1540 287 1645 τιμωρίαν
301 1540 458 1600 Φιλίππου.
490 1538 602 1598 δέδοικε
618 1529 742 1599 τοίνυν
729 1561 747 1599 ο
757 1538 954 1638 Δημοσθένης
970 1561 1013 1616 μη
999 1529 1101 1616 θυρ-

146 1622 295 1706 σήσαντες,
307 1615 346 1693 ὦς
356 1613 393 1682 τὰ
401 1613 500 1682 πόντοι
511 1615 694 1699 νενικηκότες
706 1644 756 1682 και
747 1615 876 1722 ἱκανὴν
886 1615 1033 1724 βοήθειαν
1049 1642 1102 1683 πε-

144 1705 299 1787 ποιημένοι
316 1709 377 1776 τοῖς
395 1695 572 1801 Ὀλυνθίοις,
591 1707 650 1802 τρῖν
671 1708 782 1766 λοιπῶν
802 1696 1011 1808 όλιγριρήσωσι.
1052 1695 1104 1766 διὰ

145 1797 229 1854 τοῦτο
240 1778 401 1887 παρελθόν
420 1780 618 1848 ἕπικόπτει
586 1810 641 1887 την
660 1778 795 1862 όιλοιζονεί
795 1813 832 1849 av
847 1780 945 1851 αὐτῶν
961 1787 1012 1849 κοιλ
1013 1779 1103 1893 πρὸς

145 1866 300 1954 εόλόβειαν
321 1864 461 1951 σαόφρονα
481 1862 536 1947 τὴν
552 1866 673 1972 γνώμην
692 1873 870 1974 μεθίστησι,
878 1862 1022 1975 λέγων’
988 1894 1024 1933 ον
1035 1870 1103 1972 μερὶ

144 1961 196 2036 τῆς
216 1955 366 2015 Φιλίππου
383 1953 523 2053 τιμωρίας
544 1958 600 2014 νῦν
621 1945 736 2026 υότοις
734 1948 870 2018 εἶναι
841 1978 893 2017 τον
887 1952 1017 2057 λόγον,
1027 1947 1103 2016 ἀλλὰ

147 2037 211 2140 περὶ
230 2041 281 2114 τῆς
298 2040 358 2097 τῶν
378 2030 539 2115 συμμάχων
555 2039 664 2138 σωτηρί
663 2059 711 2109 ας
733 2032 840 2100 οἶδε
805 2063 863 2140 γαρ
879 2034 924 2102 ότι
940 2064 991 2101 και
995 2029 1102 2117 Ἀθη-
1088 2046 1149 2101 -28

145 2125 225 2183 ναῖοι
246 2119 298 2180 καλ
318 2113 402 2181 ἄλλοι
421 2117 480 2180 ποό
498 2143 574 2194 τινες
594 2118 718 2219 τοῦμὲν
734 2146 776 2201 μη
794 2148 831 2183 τοι
852 2121 1103 2224 οἰκεῖαπροέσθοιι

144 2207 299 2267 ποιοῦνται
320 2205 473 2303 φροντίδα,
495 2204 561 2287 περὶ
584 2196 663 2265 δὲ
635 2227 667 2266 το
689 2200 914 2308 τιμωρησασθαι
930 2230 998 2315 τορς
1015 2206 1101 2269 ἔναν-

144 2275 254 2363 τίους
234 2308 321 2368 ηκτον
332 2281 557 2361 σπουδάζουσιν
586 2286 618 2348 ἐν
628 2286 660 2349 δὲ
670 2285 764 2375 τοότιμ
775 2313 815 2375 τρι
803 2285 916 2391 λόγῳ
926 2291 977 2352 καὶ
986 2314 1039 2391 της
1049 2313 1101 2351 ιτε-

146 2370 226 2452 ρλ”
185 2394 245 2434 των
260 2374 419 2471 θεωρικῶν
437 2365 596 2470 χρημάτων
611 2350 804 2473 συμβουλῆς
795 2368 999 2518 ρανεροότερον
1012 2369 1101 2434 ἅπτε-

144 2479 201 2533 ται,
224 2454 275 2516 καλ
296 2447 379 2529 όξιοῖ
394 2460 532 2555 λυθῆναι
547 2477 615 2527 τους
635 2451 744 2532 νόμους
764 2477 832 2530 τους
850 2455 965 2518 ἒπιτιθί
964 2479 1034 2530 ντιις
1051 2461 1102 2537 ζη·

144 2538 215 2682 μίαν
224 2543 285 2611 τοῖς
296 2531 466 2639 γράψασιν
461 2530 536 2598 αότα
525 2530 684 2618 γενέσθαι
702 2533 911 2619 στρατιωτικὰ,
933 2541 964 2601 ιν
962 2532 1102 2639 ’όιδεὲςῂ

143 2613 466 2720 τὸσυμβουλεόειν
435 2644 472 2681 τοι
488 2620 629 2719 βέλτιστοι.
663 2643 801 2702 παραινει
793 2623 851 2686 δὲ
867 2623 918 2686 κοιλ
933 2618 1007 2698 ὅλως
1026 2616 1101 2720 πρὸς

143 2724 264 2763 τουτων
278 2698 433 2783 προγόνων
450 2693 577 2781 ζηλον’
558 2721 723 2804 αναστηναι
744 2705 795 2766 κοιλ
816 2703 1027 2807 στρατεύεσθαι
1044 2702 1101 2770 σοι’-

144 2802 235 2864 μασιν
245 2785 379 2885 οἰκείοις,
403 2784 454 2845 καὶ
471 2779 632 2891 ἕπιτιμησει
642 2789 783 2872 πολλη’
748 2812 902 2893 κεχρητοιι
895 2784 971 2853 κατὰ
982 2816 1035 2853 τον
1022 2784 1100 2870 δή·

143 2890 202 2948 μου
218 2889 249 2930 τε
266 2861 305 2940 ὡς
321 2866 512 2946 ἐκλελυμένον
535 2869 586 2931 καὶ
603 2894 663 2932 των
680 2867 902 2954 δημαγωγῶν’
882 2899 921 2952 ως
933 2868 988 2937 οόκ
1000 2867 1103 2957 ὀρθῶς

142 2950 411 3033 προιστυμίνων
374 2974 429 3030 της
438 2947 556 3026 πολεως

230 3198 314 3286 Οὐχὶ
324 3197 427 3267 ταύτὰ
439 3208 639 3289 παρίσταταί
646 3230 703 3290 μοι
711 3197 922 3291 γιγνώσκειν,
943 3199 1103 3294 ολᾶνθρες

140 3296 321 3386 Ἀθηναῖοι,
333 3295 415 3367 ὅταν
424 3324 460 3366 τε
471 3307 516 3380 είς
526 3300 567 3369 τοὶ
578 3299 753 3389 πράγματα
764 3303 943 3392 ἀποβλέψω
953 3307 1009 3374 κοιλ
1018 3305 1104 3374 ὅταν

143 3396 226 3481 πρὸς
233 3398 314 3477 τοὺς
323 3397 444 3482 λόγους
455 3396 515 3478 οὓς
521 3398 635 3475 ἀκούω
644 3427 652 3441 ·
662 3400 740 3481 τους
749 3402 881 3490 μὲνγὰρ
892 3405 1014 3489 λόγους
1026 3406 1102 3489 πιρλ
