2340 3894
85 117 202 232 1200
339 172 436 229 τινι.
470 163 892 239 ΛΗΜοΣοεΝονε

139 327 213 398 ἀλλ’
233 331 284 397 ἐπὶ
299 327 360 396 τόν
378 327 542 411 πόλεμονς
566 320 640 391 ἀλλ’
661 322 756 397 αὐτοὶ
766 326 840 407 περὶ
851 324 985 411 εἰρήνης
997 326 1096 411 ε’βου·
1131 404 1132 407 ¹

139 428 290 497 λεύεσθε.
328 425 456 493 οὐκοῦν
472 422 549 491 οάτε
566 431 622 507 τῆς
638 425 671 502 ἐξ
688 419 789 507 ἀρχῆς
808 422 941 508 εἰρήνης
962 419 1097 508 ἡγεμών

141 524 217 594 οὐδ’
232 535 334 603 αἰτιος
345 521 393 591 τόν
403 520 467 607 ἐγώ
480 527 656 606 φαίνομαι,
669 518 745 587 οὔτε
755 529 822 587 των
834 519 948 610 ἀλλων
956 513 1006 587 οἷν
1015 547 1098 597 κατ-

143 623 307 704 εψεόσατό
318 648 384 708 μου
396 618 496 687 οὐδὲν
507 615 629 704 ἀληθὲς
642 614 683 686 δν
695 622 872 691 δείκνυται.
1001 614 1007 622 ’

96 731 132 784 ⁸25
226 718 354 804 Ἐπειδή
375 725 491 786 τοίνυν
512 715 685 801 ἐποιήσατο
707 714 769 802 τήν
792 718 928 803 εἰρήνην
948 714 969 803 ή
993 718 1098 801 πόλις,

142 825 291 889 ἐνταῦθα
303 817 404 884 πάλιν
414 821 584 896 σκέψασθε
599 820 633 884 τί
646 814 741 899 ἡμῶν
757 814 909 900 ἑκάτερος
927 821 1098 897 προείλετο

141 917 316 1002 πράττειν·
338 914 392 981 καὶ
410 910 473 995 γάρ
491 914 526 977 ἐκ
545 912 676 978 τούτων
694 920 825 979 εἰσεσθε
835 919 882 989 τίς
893 904 965 997 ἦνὸ
979 919 1099 980 Φιλίπ-

142 1040 193 1100 πῳ
212 1015 320 1081 πάντα
337 1010 659 1096 συναγωνιζόμενος,
684 1012 740 1076 καὶ
756 1016 803 1088 τίς
815 1006 831 1076 ὁ
844 1009 1002 1095 πράττων
1014 1008 1097 1094 ὑπὲρ

140 1110 236 1198 ὑμῶν
248 1115 303 1179 καὶ
312 1109 349 1177 τό
361 1117 401 1196 τῇ
412 1109 506 1175 πόλει
517 1113 689 1192 συμφέρον
701 1113 813 1192 ζητῶν.
836 1106 899 1191 ἐγω
911 1107 973 1193 μὲν
981 1115 1098 1174 τοίνυν

58 1202 66 1215 ’
136 1215 268 1294 ἔγραψα
289 1205 463 1294 βουλεύων
485 1204 646 1273 ἀποπλεῖν
665 1206 727 1290 τήν
747 1211 901 1290 ταχίστην
922 1205 1002 1284 τοὺς
1016 1210 1099 1290 πρέ-

142 1314 232 1394 σβεις
243 1302 384 1383 ἐπὶτούς
395 1305 519 1382 τόπους
558 1306 596 1371 έν
613 1297 661 1382 οἷς
678 1299 721 1370 ἀν
738 1303 819 1371 όντα
831 1309 1000 1370 Φίλιππον
1011 1329 1099 1370 πυν-

141 1406 339 1499 θάνωνται,
351 1405 406 1470 καὶ
426 1401 504 1480 τοὺς
526 1400 649 1490 ὅρκους
665 1398 927 1487 ἀπολαμβάνειν·
952 1393 1048 1468 οὗτοι
1064 1404 1099 1468 δὲ

30 1513 35 1526 ‘
96 1501 221 1572 λόοόδὲ
242 1500 433 1588 γράψαντος
455 1502 538 1583 ε’μοῦ
558 1507 662 1565 ταῦτα
680 1513 787 1567 ποιεῖν
801 1499 983 1585 ἠθέλησαν.
1014 1508 1049 1568 τί
1064 1500 1099 1569 δὲ

140 1599 232 1668 τοῦτ’
250 1600 407 1682 ἐδύνατο,
420 1590 773 1683 ἀάνδρεςἈθηναῖοι;
791 1596 855 1683 ἐγώ
869 1600 1000 1678 διδάξω.
1037 1607 1100 1674 Φι-

140 1705 250 1786 λίππω
263 1698 325 1783 μὲν
336 1689 380 1783 ἦν
392 1699 566 1781 συμφέρον
579 1694 623 1774 ὦς
634 1705 789 1765 πλεῖστον
805 1696 865 1765 τόν
877 1696 1000 1782 μεταξὺ
1018 1697 1099 1783 χρό-

139 1822 202 1864 νον
220 1799 377 1878 γενέσθαι
394 1801 462 1860 των
480 1791 609 1879 όρκωυ,
632 1793 712 1881 ὑμῖν
724 1794 756 1862 δ’
771 1794 1008 1882 ωςίλάχιστου.
1043 1793 1098 1862 διά

139 1899 173 1960 τί
178 1923 188 1974 ;
210 1891 262 1958 ότι
279 1890 372 1977 ὑμεῖς
389 1891 450 1976 μὲν
463 1889 532 1958 οὐκ
550 1888 612 1977 ἀφ’
631 1885 671 1976 ἧς
683 1892 832 1977 ω’μόσατε
843 1892 967 1980 ἡμέρας
978 1893 1098 1980 μόνον,
1109 1902 1156 1957 234

140 1986 215 2057 ἀλλ’
228 1985 287 2072 ἀφ’
300 1981 340 2072 ἧς
350 1985 507 2072 ἠλπίσατε
518 1986 579 2072 τήν
591 1989 727 2074 εἰρήνην
738 1996 891 2079 ἔσεσθαι,
910 1993 1100 2073 πάσαςέξε-

140 2088 290 2155 λόσασδέ
301 2083 360 2163 τάς
370 2085 582 2170 παρασκευάς
592 2084 649 2164 τάς
660 2096 723 2155 τοῦ
734 2094 896 2176 πολέμου,
919 2087 937 2158 ὁ
952 2089 987 2156 δέ
997 2097 1098 2157 τοῦτο

138 2189 175 2252 εἰι
187 2180 313 2262 παντὸς
323 2193 385 2251 τοῦ
395 2183 519 2269 χρόνου
537 2183 679 2273 μάλιστα
695 2187 976 2274 ἐπραγματεύετο,
1000 2194 1098 2273 νομί-

139 2288 223 2368 ζων,
245 2281 327 2369 ὅπερ
337 2275 381 2368 ἦν
392 2280 532 2370 ἀληθές,
556 2282 620 2352 όσα
631 2292 689 2371 τῆς
707 2287 833 2364 πόλεως
849 2287 1016 2373 προλάβοι
1032 2285 1098 2370 πρό

140 2389 207 2449 του”
227 2379 307 2459 τοὺς
327 2379 450 2467 ὅρκους
469 2379 671 2467 ἀποδοῦναι,
701 2383 809 2449 πάντα
830 2392 934 2450 ταῦτα
957 2390 1100 2470 βεβαίως

140 2482 241 2562 ἕξειν·
264 2479 387 2547 οάδέυα
404 2477 467 2562 γάρ
484 2477 546 2566 τήν
562 2482 699 2565 εἰρήνην
714 2481 831 2547 λύσειν
847 2481 978 2549 τούτων
989 2483 1098 2560 ἕνεκα.

96 2576 162 2652 2ῖά
173 2575 238 2662 ἐγω
252 2577 502 2662 προορώμενος,
526 2570 877 2664 ἀάνδρεςἏθηναῖοι,
900 2580 956 2645 καὶ
967 2579 1099 2664 λογιζό-

140 2701 239 2760 μενος
249 2675 286 2740 τδ
301 2675 455 2760 ψήφισμα
466 2682 563 2741 τοῦτο
575 2674 705 2765 γράφω,
718 2684 812 2750 πλεῖν
823 2677 874 2743 ε’πῖ
885 2674 963 2752 τοὺς
973 2675 1099 2754 τόπους

140 2775 177 2838 ἐν
195 2767 243 2848 οἷς
260 2767 303 2838 ἀν
319 2765 531 2858 ᾗΦίλιππος,
556 2775 611 2840 καί
627 2773 706 2852 τοὺς
724 2773 846 2859 ὅρκους
862 2770 924 2858 τήν
940 2781 1097 2859 ταχίστην

70 2944 72 2955 .
139 2867 403 2953 ἀπολαμβάνειν,
420 2867 467 2935 ἵν’
481 2869 624 2954 ἐχόντων
635 2881 703 2938 των
716 2878 876 2960 Θρᾳκῶν,
899 2880 968 2938 των
979 2870 1096 2958 ὑμετεέ

140 2991 210 3051 ρων
221 2966 421 3050 συμμάχων,
443 2975 547 3035 ταῦτα
565 2967 604 3037 τά
616 2978 720 3056 χωρία
731 2969 753 3039 ἀ
763 2979 829 3039 νῦν
841 2961 938 3048 οὗτος
949 2974 1093 3055 διέσυρε,

137 3061 174 3130 τό
186 3065 348 3146 Σέρρειον
359 3067 414 3133 καί
424 3063 461 3133 τδ
473 3068 659 3155 Μυρτηνὸν
670 3073 724 3136 καὶ
735 3065 797 3156 τήν
806 3067 993 3154 Ἐργίσκην,
1007 3067 1095 3136 οὕτω

137 3159 306 3247 γίγνοινθ’
320 3166 356 3228 οἰ
363 3161 470 3251 ὅρκοι,
482 3168 538 3233 καὶ
550 3165 785 3254 μήπρολαβάυ
795 3173 921 3244 ἐκεῖνος
931 3167 1011 3244 τούς
1022 3169 1095 3241 ε’πι-

135 3266 273 3346 καίρους
292 3267 360 3326 τοῖν
380 3260 494 3328 τόπων
516 3264 632 3346 κύριος
657 3271 715 3350 τῆς
739 3266 872 3353 Θράκης
900 3273 1092 3354 κατασταίη,

135 3359 218 3442 μηδὲ
235 3365 368 3450 πολλῶν
383 3359 445 3443 μέν
460 3361 638 3445 χρημάτων
645 3412 655 3444 ,
677 3369 809 3431 πολλῶν
828 3363 863 3429 δέ
882 3352 1093 3449 στρατιωτῶν
