2340 3894
72 221 139 287 284
274 224 372 283 xvul.
409 216 856 281 ΔΗΜΟΣΘΕΝΟΤΣ

76 384 114 451 δὲ
124 389 231 471 καιρηῖ
241 381 296 449 καί
306 379 423 466 πράξει
432 377 495 464 τὴν
506 376 657 446 εὐνοιαν·
686 376 808 448 τούτου
824 375 889 463 γάρ
903 374 925 465 ἡ
939 375 1041 463 φύσις

77 486 188 568 κυρία,
200 487 262 547 τοῦ
273 480 443 546 δύνασθαι
454 479 556 546 δὲκαὶ
568 477 696 563 ἰσχύειν
705 477 811 561 ἕτερα.
834 477 962 563 ταύτην
974 482 1044 544 τοί-

15 596 70 653 32²
79 605 146 647 νυν
158 574 231 663 παρ’
245 579 315 661 ἐμοὶ
331 591 557 662 μεμενηκυῖαν
568 572 724 661 εὑρήσετε
736 572 858 654 ἁπλῶς.
885 572 987 659 ὁρᾶτε
999 576 1045 642 δέ.

80 676 144 748 οὐκ
156 676 402 761 ἐξαιτούμενος,
421 672 484 742 οὐκ
498 671 777 761 Ἀμφικτυονικὰς
795 678 888 752 δίκας
899 672 1047 759 ἐπαγόν-

78 801 159 858 των,
172 772 235 843 οὐκ
246 773 484 858 ἀπειλούντων,
492 772 555 842 οὐκ
566 776 872 859 ἐπαγγελλομένων,
880 771 955 860 οὐχὶ
966 770 1097 852 τούςςςγ

78 875 288 957 καταράτους
298 874 438 952 τούτους
447 872 556 959 ὥσπερ
567 879 671 958 θηρία
682 897 739 957 μοι
750 869 1046 957 προσβαλλόντων,

80 970 238 1057 οὐδαμῶς
251 970 315 1054 ἐγω
327 974 521 1053 προδέδωκα
532 969 594 1056 την
605 976 651 1050 είς
662 968 748 1056 ὑμᾶς
759 970 905 1062 εὐνοιαν.
930 967 969 1037 τό
982 969 1048 1056 γὰρ

81 1073 115 1148 ἐξ
126 1067 228 1152 ἀρχῆς
240 1066 344 1146 εὐθύς
362 1065 473 1154 ὀρθὴν
490 1070 546 1137 καὶ
563 1072 695 1151 δικαίαν
711 1065 868 1154 τὴνόδόν
879 1076 939 1154 τῆς
950 1078 1048 1137 πολι-

33 1218 37 1226 .
82 1176 170 1245 τείας
182 1167 328 1254 εἱλόμην,
341 1165 400 1246 τάς
410 1166 515 1254 τιμὰς,
526 1166 585 1247 τάς
598 1172 809 1253 δυναστείας,
820 1167 880 1246 τὰς
891 1165 1047 1248 εὐδοξίας

82 1267 143 1345 τὰς
162 1272 221 1352 τῆς
241 1270 397 1348 πατρίδος
415 1267 636 1352 θεραπεύειν,
665 1267 787 1344 ταύτας
809 1263 941 1352 αὐξειν,
965 1263 1046 1352 μετὰ

20 1364 212 1438 κακτούτων
224 1363 316 1432 εἶναι.
340 1363 403 1433 οὐκ
414 1370 466 1434 ἐπὶ
475 1369 536 1452 μὲν
546 1380 615 1444 τοῖς
625 1367 747 1449 ἑτέρων
755 1363 960 1452 εὐτυχήμασι
972 1390 1047 1451 φαι-

33 1536 36 1541 ⁴
83 1464 163 1552 δρός
180 1463 244 1550 ἐγώ
261 1467 317 1532 καὶ
333 1465 487 1551 γεγηθός
505 1466 588 1533 κατὰ
604 1463 666 1549 τὴν
678 1462 808 1551 ἀγορὰν
819 1467 1056 1551 περιέρχομαι,-

82 1562 146 1650 την
175 1565 287 1643 δεξιὰν
315 1572 500 1649 προτείνων
523 1565 578 1632 καὶ
603 1559 894 1648 εὐαγγελιζόμενος
914 1561 1048 1641 τούτοις

83 1661 144 1741 οὓς
155 1657 314 1730 ἀνέκεῖσε
327 1659 544 1748 ἀπαγγέλλειν
557 1671 695 1748 οίωμαι,
713 1668 783 1728 τῶν
794 1660 830 1727 δὲ
847 1667 906 1745 τῆς
917 1658 1048 1739 πόλεως

85 1758 227 1844 ἀγαθῶν
248 1761 418 1846 πεφρικώς
439 1760 552 1829 ἀκούω
572 1766 628 1828 καί
648 1760 839 1828 στένωνκαλ
851 1757 992 1827 κύπτων
1004 1765 1048 1838 είς

84 1858 147 1943 τὴν
158 1866 239 1942 γῆν,
263 1856 375 1940 ίίσπερ
387 1864 422 1925 os
431 1864 604 1946 δυσσεβεῖς
616 1852 729 1943 οὗτοι,
751 1863 785 1926 οἳ
800 1855 862 1943 την
874 1861 938 1943 μὲν
948 1856 1047 1926 πόλιν

84 1954 321 2041 διασύρουσιν,
343 1955 454 2042 ὥσπερ
479 1955 540 2042 οὐχ
558 1955 682 2036 αὐτούς
708 1954 942 2040 διασύροντες,
966 1955 1048 2024 ὅταν

83 2060 182 2121 τοῦτο
195 2059 346 2139 ποτοῖσιν,
366 2059 426 2134 ἔξω
439 2057 474 2122 δὲ
483 2046 662 2143 βλέπουσι,
683 2057 739 2124 καί
751 2059 787 2124 ἐν
799 2050 847 2133 οἷς
857 2051 1047 2142 ἀτυχησάν-

83 2160 153 2218 των
163 2158 231 2217 των
242 2147 409 2238 Ἑλλήνων
418 2151 604 2242 ηὐτύχησεν
617 2157 744 2240 ἕτερος,
761 2151 854 2222 ταῦτ’
864 2157 1048 2233 1ἐπαινοῦσι

84 2251 141 2319 καὶ
151 2248 241 2330 ὅπως
251 2249 311 2319 τὸν
322 2251 453 2322 ἅπαντα
462 2254 585 2340 χρόνον
597 2269 692 2342 μενεῖ
700 2254 782 2340 φασὶ
794 2256 866 2320 δεῖν
877 2268 1003 2339 τηρεῖν.

22 2368 77 2423 324
168 2351 229 2437 Μὴ
241 2349 326 2438 δῆτ’,
345 2344 504 2435 ἀπόντες
515 2358 606 2442 θεοὶ,
624 2356 736 2443 μηδείς
749 2350 852 2419 ταῦθ’
865 2351 966 2439 ὑμῶν
976 2357 1048 2422 ἐπιρ

84 2447 246 2532 νεύσειεν,
269 2448 352 2517 ἀλλά
369 2453 510 2539 μάλιστα
530 2453 591 2540 μὲν
613 2457 668 2522 καὶ
687 2454 817 2530 τούτοις
834 2458 956 2537 βελτίω
972 2447 1045 2521 τινά

85 2549 238 2615 νοῦνκαὶ
255 2551 562 2640 φρέναςένθείητε,
583 2559 613 2622 εί
629 2551 661 2621 δ’
675 2551 723 2637 ἀρ’
738 2558 871 2637 ἔχουσιν
887 2549 1044 2634 ἀνιάτως,

85 2643 227 2722 τούτους
237 2646 298 2730 μὲν
309 2645 432 2728 αὐτούς
440 2650 515 2719 καθ’
527 2651 666 2731 ἑαυτούς
677 2651 806 2731 ἐξώλεις
817 2651 872 2716 καὶ
883 2650 1046 2735 προώλεις

86 2746 124 2809 ἐν
135 2749 178 2827 γῇ
189 2745 406 2834 καὶθαλάττη
417 2751 592 2836 ποιήσατε,
615 2748 694 2836 ἡμῖν
712 2749 748 2818 δὲ
766 2761 834 2825 τοῖς
844 2755 976 2827 λοιποῖς
986 2747 1047 2833 Ιτην

86 2846 241 2925 ταχίστην
262 2839 459 2931 ἀπαλλαγὴν
481 2856 550 2916 τοῖν
571 2849 806 2935 ἐπηρτημένων
828 2844 949 2932 φόβων
974 2846 1047 2914 δότε

68 2987 70 2991 ψ
87 2941 142 3009 καὶ
155 2946 319 3026 σωτηρίαν
329 2940 471 3035 ἀσφαλῆ.
1046 2935 1052 2942 ’

407 3247 720 3257 wa·-
