2340 3894
241 197 390 269 'mm
420 207 522 267 ΤΟΥ
551 204 850 269 ΣΤΕΦΛΝΟ-Υ.
969 207 1032 271 261

75 365 140 456 οὐχ
162 366 323 453 ἅπαντας,
345 365 428 435 ἄλλά
451 365 530 445 τούς
551 364 834 447 ιἰσθενεστάτους·
869 370 947 437 οὐτε
968 370 1033 455 γάρ
1064 446 1067 451 ,

76 473 159 547 Χίος
169 465 249 555 οὐτε
256 464 367 544 Ῥόδος
377 467 455 534 οὐτε
465 466 623 549 Κέρκυρα
634 462 707 549 μεθ’
720 464 816 552 ἡμῶν
827 460 886 554 ἦν·
908 469 1035 555 χρημά-

77 593 148 636 των
159 567 196 636 ὐέ
205 567 364 646 σύνταξιν
374 571 421 644 είς
437 569 534 631 πέντε
551 565 608 631 καλ
624 565 865 650 τετταράκοντα
879 567 1035 651 τάλαντα,

77 668 135 735 καί
144 662 240 733 ταῦτ’
252 658 297 751 ἦν
308 668 594 750 προεξειλεγμένα·
611 660 750 750 ὁπλίτην
761 664 792 732 δ’
806 662 938 751 ἢίππέα
948 664 1036 751 πλὴν

77 771 148 833 τῶν
169 769 301 832 οίκείων
319 763 450 832 οὐθένα.
485 760 504 830 ό
515 762 551 830 όέ
571 763 708 830 πάντων
729 767 784 833 καὶ
801 765 1036 852 φοβερώτατον

78 866 136 931 καί
146 859 279 948 μάλισθ’
291 859 378 946 ὐπέρ
388 869 456 930 τῶν
467 865 616 947 ἐχθράν,
629 853 722 930 οὗτοι
730 866 1036 948 παρεσκευάκεισαν
1090 889 1092 895 ·

78 961 160 1040 τούς
176 962 381 1046 περιχώρους
400 961 526 1039 πάντας
547 967 670 1047 ἔχθρας
687 957 710 1048 ἢ
730 973 840 1047 φιλίας
858 966 1034 1048 ἐγγυτέρω,

28 1064 448 1147 ιλὸΜεγαρέαςβηβαίους,
459 1057 620 1146 Εὐβοέας.
645 1060 685 1126 τά
697 1060 759 1145 μὲν
768 1068 826 1146 τῆς
835 1060 963 1139 πόλεως
974 1058 1035 1128 οὐ·

81 1187 146 1238 τως
154 1157 305 1247 ὑπῆρχεν
316 1165 442 1244 ἔχοντα,
459 1160 515 1226 καὶ
529 1156 639 1236 οὐδεὶς
649 1155 692 1226 άν
703 1165 770 1245 έχοι
780 1162 869 1244 παρὰ
879 1159 973 1228 ταῦτ’
987 1167 1034 1228 εί-

79 1257 247 1340 πεῑνάλλο
258 1255 376 1326 οὐδέν·
398 1256 438 1324 τά
451 1260 486 1324 δέ
496 1265 558 1324 τοῦ
569 1263 747 1341 Φιλίππου,
760 1257 891 1340 πρόςόν
901 1251 945 1344 ἦν
956 1258 1036 1344 ἡμίν

77 1356 212 1444 όάγάν,
225 1361 394 1437 σκέψασθε
404 1364 483 1434 πῶς,
506 1364 639 1439 πρῶτον
651 1354 713 1441 μὲν
723 1347 801 1440 ἦρχε
812 1363 880 1421 τῶν
891 1352 1035 1423 άκολον-

76 1459 239 1527 θυόντων
250 1455 348 1534 αὐτός
359 1454 573 1538 αὐτοκράτωρ
586 1450 651 1538 σόν,
674 1450 777 1520 ότων
794 1459 840 1530 είς
858 1451 918 1520 τόν
935 1453 1035 1520 πόλε-

78 1582 144 1645 μον
154 1558 310 1644 μέγιστόν
321 1559 410 1624 ἐστιν
420 1552 595 1622 ἁπάντων·
614 1549 680 1620 εὖθ’
691 1543 785 1620 οὗτοι
794 1549 835 1617 τά
847 1549 934 1619 όπλα
945 1547 1033 1636 εἶχον

78 1660 116 1725 ἐν
139 1669 212 1735 ταῖς
231 1657 345 1742 χερσίν
366 1652 433 1722 άεί·
469 1658 580 1721 ἔπειτα
601 1651 778 1738 χρημάτων
802 1647 956 1736 ηὐπόρει,
970 1652 1034 1717 καὶ

78 1751 407 1842 λπραττενάθόξειεν
418 1751 511 1841 αὐτῷ
516 1804 526 1839 ,
546 1750 587 1820 οὐ
610 1755 782 1836 προλέγων
804 1755 840 1818 ἐν
850 1765 919 1829 τοῖς
928 1756 1033 1836 ὐηφί·
1041 1764 1094 1820 306

77 1873 210 1940 σμασιν,
231 1850 303 1922 οὐδ’
318 1857 354 1921 ἐν
374 1861 421 1941 τῷ
432 1859 567 1941 φανερῷ
584 1849 844 1938 βουλευόμενος,
858 1846 944 1933 [οὐδ’
965 1845 1031 1915 ὐπό

76 1961 145 2021 τοῖν
154 1951 461 2038 συκοφαντούντων
473 1951 697 2036 κρινόμενος,]
716 1947 795 2018 οὐδὲ
805 1946 937 2035 γραφάς
947 1946 1033 2033 φεύ-

76 2077 148 2164 ρων
161 2050 390 2136 παρανόμων,
413 2047 487 2117 οὐδ’
511 2047 707 2128 ὑπεύθυνος
739 2044 787 2116 όν
810 2047 940 2133 οὐδενὶ,
961 2044 1029 2115 ἀλλ’

28 2162 69 2218 23⁶
77 2155 193 2226 ατλύς
204 2145 305 2226 αὐτὸς
315 2146 486 2233 δεσπότης,
498 2145 648 2233 ἡγεμών,
660 2149 776 2232 κύριος
788 2147 932 2215 πάντων.
966 2143 1030 2230 ἐγω
1093 2156 1100 2161 ”

77 2246 110 2315 θ’
123 2245 143 2317 ό
156 2247 241 2332 πρός
256 2255 376 2315 τοῦτον
393 2244 665 2331 ἀντιτεταγμένος
684 2247 754 2327 (καὶ
770 2245 835 2328 γάρ
852 2242 943 2310 τοῦτ’
963 2247 1033 2321 ἐξε-
1065 2295 1070 2305 .

75 2347 175 2416 τάσαι
184 2349 328 2437 δίκαιον)
340 2354 429 2424 τίνος
440 2345 557 2428 κύριος
568 2337 626 2430 ἦν;
649 2340 802 2419 οὐθενός·
825 2339 906 2406 αὐτὸ
918 2338 983 2425 γάρ
995 2337 1031 2407 τό

76 2449 279 2533 δημηγορεῖν
289 2453 439 2531 πρῶτον,
462 2435 507 2511 οὐ
522 2443 631 2528 μόνον
649 2454 797 2526 μετεῖχον
809 2436 889 2523 έγά,
913 2439 945 2516 ἐξ
957 2445 1033 2504 ίσον

76 2539 275 2630 προύτίθεθ’
288 2540 383 2628 ὑμεῖς
403 2554 472 2621 τοίς
488 2539 561 2625 παρ’
577 2544 708 2609 ἐκείνου
730 2540 957 2622 μισθαρνοῦσι
977 2535 1033 2602 καὶ

28 2666 39 2685 ·
74 2645 163 2729 ἐμοὶ,
181 2646 238 2712 καὶ
249 2642 312 2713 ὅσα
330 2635 424 2712 οὗτοι
439 2644 666 2727 περιγένοιντο
684 2641 768 2724 ἐμοῦ
780 2631 901 2719 (πολλά
921 2632 950 2700 δ’
965 2637 981 2703 ἐ
1002 2639 1034 2701 ί·
1054 2698 1058 2711 ,
1086 2694 1089 2699 .

75 2767 173 2826 γνετο
193 2750 309 2827 ταῦτα,
332 2739 371 2808 δι’
385 2738 428 2827 ἣν
448 2744 590 2808 ἕκαστον
605 2739 700 2825 τύχοι
716 2735 912 2820 πρόφασιν),
933 2730 1030 2800 ταῦθ’

28 2837 777 2931 θλύτέρτιόνἐχθρῶνάπῇτεβεβουλευμένοι.
813 2829 882 2900 ἀλλ’
895 2829 985 2916 ὅμως
995 2836 1032 2900 ἐκ
1120 2826 1123 2831 ’

73 2941 239 3009 τοιούτων
250 2940 487 3024 ἐλαττωμάτων
498 2936 563 3024 ἐγὼ
575 2936 767 3022 συμμάχους
778 2937 839 3018 μὲν
851 2930 931 3017 ὐμίν
942 2935 1033 2998 ἐποί-

72 3056 140 3123 ησα
150 3037 311 3124 Εὐβοέας,
319 3034 479 3122 Ἀχαιούς,
491 3043 707 3118 Κορινθίους,
720 3036 902 3117 Θηβαίους,
913 3036 1033 3114 Μεγα-

74 3141 169 3224 ρέας,
190 3141 412 3222 Λευκαδίους,
428 3140 669 3220 Κερκυραίους,
692 3129 746 3217 ἀφ’
768 3120 815 3199 τόν
837 3128 951 3215 μύριυι
970 3127 1032 3211 μέν
1117 3155 1131 3179 ·

73 3239 131 3305 καὶ
141 3243 401 3321 πεντακισχίλιοι
418 3237 522 3319 ξένοι,
542 3238 694 3317 δισχίλιοι
707 3229 739 3298 θ’
752 3235 860 3306 ίππεῖς
871 3226 955 3293 άνευ
964 3231 1032 3291 τῶν

72 3341 253 3403 πολιτικῶν
265 3332 441 3420 δυνάμεων
453 3334 689 3419 συνήχθησαν·
708 3327 884 3416 χρημάτων
895 3326 931 3390 δέ
942 3320 1033 3390 ὅσων
1060 3366 1063 3371 -

28 3431 248 3515 θθέθυνάθην
264 3430 329 3516 ἐγώ
346 3437 505 3518 πλείστην
517 3435 712 3506 συντέλειαν
723 3432 868 3512 ἐποίησα.
889 3428 921 3493 εί
930 3422 966 3493 δὲ
976 3424 1032 3493 λέ·
1126 3482 1130 3492 .
