2340 3894
164 206 230 272 ττι
386 209 458 268 τοι.
487 159 911 267 Δααοεοταουε
970 256 973 260 ,

166 367 257 437 πάνυ
268 392 322 453 γε,
349 359 377 434 ω’
396 366 518 448 ἀνδρες
528 361 713 448 Ἀθηναῖοι,
735 370 909 448 λαμπροῖς·
933 362 1048 450 ἐπειδὴ
1065 362 1123 450 γὰρ

168 467 284 554 ἕιόρων
296 463 421 542 αύτούς
436 465 491 530 καὶ
507 464 560 529 ἐπὶ
576 473 644 538 τοῖς
656 460 819 540 τοιούτοις
835 465 904 529 ἐκεῖ
917 466 1123 548 σεμνυνομέ-

167 591 249 644 νους
262 561 305 643 ὡς
317 561 517 648 εὐδαίμονας
531 560 587 626 καὶ
598 551 785 644 λαμπρούς,
802 557 943 641 εύδύς
923 561 1082 648 ηγούμην
1091 565 1124 630 ἐν

167 663 299 740 τούτοις
309 668 443 747 πρῶτον
454 655 558 736 αύτός
570 671 733 742 περιειναι
743 657 867 726 δεῖν’
825 668 940 728 αυτοΞν
950 665 1008 728 καὶ
1014 687 1141 753 μεγα-

168 761 391 846 λοψυχότερος
401 766 592 878 φαίηιεσθαι.
624 763 728 824 ταῦτα
742 755 783 842 δὴ
801 759 1032 841 παρέξεται
988 782 1055 826 νυν
1067 750 1124 826 ού-

169 885 226 938 τος
241 861 347 943 λέγων
365 854 409 936 ὡς
430 853 530 934 αὐτός
548 852 747 942 ἐπῄνεσεν“
728 864 814 940 ημᾶς
826 859 881 924 και
902 855 1005 936 αύτδς
1026 863 1123 926 εἱστία

106 969 158 1024 236
169 956 247 1036 τούς
258 955 466 1041 πρέσβεις,
432 981 469 1023 το
481 954 560 1022 τότε
571 979 613 1020 ου
602 950 788 1039 ’διορίζων
817 959 886 1022 ἔστι
897 954 935 1022 δὲ
945 963 1052 1023 ταῦτα
1063 953 1122 1038 πρό

168 1064 230 1124 τοῦ
240 1055 303 1141 τὴν
313 1055 412 1123 πόλιν
423 1052 608 1140 ἠδικῆσθαί
621 1079 652 1119 τι
669 1056 723 1120 καὶ
734 1051 904 1139 φανερούς
914 1054 1058 1134 τούτους
1069 1081 1124 1123 πε-

168 1154 335 1237 πρακότας
347 1150 472 1231 αὑτούς
481 1154 650 1237 γενέσθω,
663 1147 715 1218 ὅτ’
726 1149 802 1233 ἀρτι
822 1154 884 1237 μὲν
894 1143 983 1239 ἧκον
1004 1157 1039 1221 ολ
1049 1158 1122 1238 πρέ-

169 1251 300 1339 σβειςτό
313 1257 458 1337 πρῶτον,
470 1255 535 1319 ἔδει
542 1253 577 1318 δὲ
584 1248 726 1318 ἀκούσαι
735 1247 907 1336 τόνδῆμον
917 1259 951 1318 τί
960 1254 1122 1338 λέγουσιν,

170 1349 301 1420 οὐδέπω
313 1355 349 1418 δὲ
359 1346 433 1419 ούδ
448 1341 546 1428 οὗτος
558 1355 710 1434 συνερῶν
728 1352 828 1434 δῆλος
843 1340 888 1435 ἦν
899 1358 947 1439 τῷ
958 1351 1123 1438 Φιλοκρά-

168 1475 218 1517 τει
236 1447 309 1517 οὔτ’
322 1454 447 1528 ἐκεῖνος
466 1456 603 1526 τοιαῦτα
618 1447 768 1533 γράψων.
802 1447 845 1516 ἀν
863 1447 903 1536 δὴ
914 1458 1022 1518 ταῦτα
1039 1454 1124 1540 λέγη,

169 1552 340 1634 μέμνησθε
351 1547 430 1628 τούς
440 1549 584 1634 χρόνους
595 1545 647 1615 ότι
657 1555 726 1614 των
737 1545 952 1636 ἀδικημάτων
968 1553 1034 1620 είσλ
1045 1550 1122 1635 πρό-

168 1672 267 1733 τεροι.
301 1647 383 1734 μετὰ
399 1656 504 1716 ταῦτα
516 1647 551 1716 δδ
561 1644 664 1716 ούδδν
674 1649 745 1733 ἐμοὶ
756 1646 839 1734 πρός
849 1649 1125 1730 τούτουςοίκείον

169 1744 248 1815 οὐδὲ
259 1749 374 1816 κοινόν
385 1751 532 1833 γέγονεν.
555 1748 640 1831 Λέγε
650 1743 713 1832 τὴν
723 1752 920 1833 μαρτυρίαν.
1012 1785 1014 1789 ·

521 1895 762 1959 ΜΑΡΊῪΡΙΑ.

107 2050 158 2111 237
241 2032 339 2112 Ισως
349 2040 465 2102 τοίνυν
475 2030 717 2122 αδελφοςαυτω
730 2055 862 2120 συνερει
852 2036 1063 2125 Φιλοχαρης
1074 2039 1124 2105 καλ

134 2130 362 2220 Ἀφόβητος
384 2130 468 2220 πρός
483 2130 543 2213 ούς
559 2131 768 2219 ἀμφοτέρους
780 2130 859 2219 ὑμῖν
876 2133 988 2204 πολλά
1005 2163 1062 2205 και
1050 2141 1124 2205 δι-
1131 2154 1166 2212 415

168 2259 246 2301 καια
257 2237 346 2301 ἔστιν
357 2238 468 2301 εἰπεῖν.
498 2229 627 2318 ἀνάγκη
640 2232 690 2318 δὲ,
705 2259 731 2298 ω
719 2223 881 2317 ἀνδρες’
875 2241 1058 2321 Αθηυαιοι,
1070 2261 1123 2322 με·

168 2332 208 2399 τά
228 2339 411 2418 παρρησίας
439 2335 671 2417 διαλεχθῆναι,
699 2333 803 2417 μηδὲν
824 2329 1123 2422 1ὑποστελλόμενον.

168 2427 277 2515 ἡμεῖς,
292 2427 456 2516 Ἀφόβητε
466 2431 522 2497 καί
533 2427 577 2496 σύ
589 2428 786 2516 Φιλόχαρες,
806 2429 843 2498 σὲ
853 2431 916 2517 μὲν
928 2430 989 2513 τάς
1002 2434 1124 2522 ἀλαβα-
1137 2432 1148 2446 ’

169 2527 336 2613 στοδήκας
346 2527 519 2625 γράφοντα
530 2531 585 2596 καὶ
595 2525 635 2597 τά
650 2528 820 2614 τύμπανα,
842 2529 987 2612 τούτους
999 2531 1032 2601 δ’
1044 2531 1124 2602 ὑπο-
1156 2593 1159 2596 .

111 2703 115 2712 ¹
168 2629 378 2712 γραμματέως
390 2630 443 2694 καὶ
454 2626 534 2707 τούς
549 2629 711 2714 τυχόντας
728 2626 936 2714 ἀνθρώπους
948 2637 1021 2718 (καὶ
1031 2631 1124 2703 ούδε-

168 2732 244 2807 μιᾶς
259 2731 375 2802 κακίας
391 2733 511 2811 ταύτα,
532 2725 600 2795 ἀλλ’
615 2724 657 2794 ού
675 2735 872 2813 στρατηγίας
893 2726 921 2814 γ’
935 2731 1027 2819 ἀξια)
1048 2757 1123 2816 πρε-

170 2829 303 2906 σβειῶν,
316 2833 538 2910 στρατηγιων,
556 2853 625 2892 των
637 2832 800 2911 μεγίστων
811 2853 918 2913 τιμων
928 2824 1120 2951 ηξιύσαμεν.

108 2939 161 2994 238
171 2924 201 2986 εί
210 2927 325 2987 τοίνυν
337 2919 473 3005 μηδενε
456 2948 553 3008 υμων
569 2921 675 3010 ἠδίκει
687 2927 815 3012 μηδεὶς,
839 2924 900 3012 ούχ
919 2926 1016 3014 ημεϊς
1032 2929 1122 3017 χάριν

170 3016 252 3104 ύμιν
263 3015 416 3106 οὐδενός,
444 3019 544 3090 ἀλλἐ
525 3038 618 3108 νμεῐς
633 3021 714 3109 ημῖν
726 3022 897 3103 δικαίως
876 3053 920 3091 αυ
933 3033 1039 3112 ἔχοιτε
1050 3025 1122 3096 τού-

170 3144 253 3186 των·
271 3119 415 3198 πολλους
426 3147 489 3205 γαρ
503 3120 734 3208 υμωνμαλλον
745 3121 857 3202 αξιους
868 3133 1033 3210 τιμασθαι
1044 3152 1121 3211 παρ

171 3221 261 3296 ἐντες
277 3215 369 3305 ημεῐς
381 3218 467 3308 ύμάς
484 3221 719 3307 ἐσεμνύνομεν.
760 3227 790 3288 εί
799 3220 835 3289 δὲ
846 3221 886 3308 δὴ
900 3226 956 3292 καὶ
968 3228 1007 3292 ἐν
1019 3224 1122 3300 αὐτοῖς

171 3312 219 3393 οἷς
230 3320 387 3402 ἐτιμᾶσθε
397 3316 534 3404 ἠδίκηκέ
544 3347 591 3399 τις
603 3318 708 3406 ύμιάν,
721 3322 889 3390 καὶταῦτα
900 3333 1050 3410 τοιαῦτα,
1064 3322 1122 3392 ττό-

171 3433 218 3501 σῳ
230 3421 358 3499 μᾶλλον
375 3410 418 3483 ἀν
434 3429 588 3501 μισοῖσθε
600 3424 734 3498 δικαίως
750 3416 772 3507 ἢ
787 3419 966 3505 σύζοισδες
990 3422 1055 3510 ἐγώ
1065 3424 1120 3510 μὲν
