2340 3894
177 191 241 257 166
380 194 480 252 xvm.
512 189 936 253 ΔΗΜΟΣΘΕΝΟΤΣ

171 351 189 378 “
193 381 255 420 ναν
264 349 395 431 καινῶν,’
397 346 487 429 ’ἴσως
498 349 545 418 ὅτε
555 351 658 435 πλήθη
670 354 816 435 συντρέχει
828 354 1034 453 ἐπιθυμοῦντα
1045 349 1134 418 καινά

175 435 312 522 δράματα
322 433 449 542 βλέπειν
484 439 676 538 εἰσαγομένου
684 440 786 499 τοίνυν
796 438 847 500 καὶ
858 439 899 511 εἰς
910 430 964 501 τδν
972 438 1072 537 δῆμον
1083 444 1133 500 τοῦ

174 522 444 607 προβουλεύματος,
462 521 636 625 φίίσταται
624 545 676 584 του
662 523 893 622 Κτησιφῶντος
905 516 1069 618 κατήγορος
1079 524 1133 583 Αί-

175 610 275 707 σχίνης
292 607 377 668 ἐκ
342 631 393 706 της
410 600 588 679 606666'63‘
572 602 717 705 υπρίρχιον
727 599 851 687 ἐχθρὸς,
871 600 1050 710 παράνομον
1060 596 1150 667 εἶναι

175 686 302 789 φάσκιρν
312 683 394 791 πρὸς
396 696 473 771 τρεῖς
485 685 593 791 νόμους
604 683 636 752 τδ
648 683 806 769 ψήφισμα,
829 688 881 750 ἕνα
897 713 951 791 μεν
967 713 1020 752 τον
1037 685 1132 789 ηελεύ-

175 799 247 837 οντα
257 796 309 835 τον
318 767 494 836 υπεύθννον
490 799 545 875 μη
533 766 795 874 στεφανοῦσθαι,
817 774 890 854 πρὶν
901 766 940 834 66
952 765 1046 857 δῷ
1013 797 1066 845 τας
1085 764 1131 835 εύ-

174 854 288 931 θύνας·
307 853 391 918 οάπιο
402 856 434 919 δὲ
444 853 565 934 ταύτας,
579 849 711 936 φησίν,
699 879 715 918 ο
727 857 933 961 Δημοσθένης
935 837 1073 919 ἐδεδύκει
1085 857 1131 918 καὶ

174 967 210 1004 τα
199 934 355 1039 θεωρικά
366 941 488 1002 διοικῶν
499 941 550 1001 καὶ
541 946 746 1040 τειχοποιῶν,
769 964 820 1003 και
811 933 933 1003 ἕδει’
914 947 1074 1020 αναμεῖναι
1084 941 1131 1003 καὶ

175 1025 314 1124 ἐπισχεῖν
313 1047 345 1086 το
334 1016 487 1123 γίρας,’
471 1047 523 1096 εως
535 1017 574 1084 διν
583 1015 671 1120 ὀφθῇ
682 1017 817 1125 καθαρὸς
824 1023 1000 1100 ἐξετασθείς
1038 1020 1129 1087 δεύτε-

175 1131 228 1190 ρον
246 1098 314 1170 δὲ’
296 1103 493 1188 αναγινάσκει
510 1101 603 1186 νόμον
619 1099 672 1168 τδν
689 1105 845 1169 κελεύοντα
862 1109 895 1171 ἕν
911 1111 1006 1173 πυκνὶ
1026 1125 1130 1206 στεφα-

174 1196 318 1268 νοῦσθαι,
337 1190 370 1251 ἐν
385 1215 422 1292 τη
408 1190 601 1291 ἐκκλησία,
611 1185 778 1271 διαβάλλων
795 1185 864 1265 τούς
874 1195 994 1266 πολίτας
1005 1185 1075 1266 τούς
1086 1193 1129 1253 δε·
1137 1194 1168 1247 λλ

173 1275 246 1376 ξριμί
245 1297 315 1376 6063
331 1274 363 1336 ἐν
380 1281 422 1359 τρλ
429 1270 561 1420 θεάτριη
583 1267 827 1378 άναγορευθῆναι
847 1299 900 1337 του
887 1277 1129 1378 Δημοσθένους

173 1352 225 1464 τὸη
242 1358 397 1436 στέφανον.
428 1353 444 1421 6
461 1359 493 1420 δὲ
508 1361 603 1439 τρίτος
619 1356 708 1438 νόμος
725 1352 815 1432 είς
784 1384 839 1458 την
849 1353 944 1437 όλην(
932 1366 989 1464 ρρρῖ
1000 1383 1053 1422 του
1039 1360 1128 1441 βίον

174 1443 297 1543 καὶτῆς
319 1445 463 1515 πολιτείας
485 1442 627 1517 ἐξέτασιν·
659 1437 769 1504 κελεύει
789 1437 846 1524 γάρ
867 1443 1012 1539 μηδέποτε
1033 1445 1128 1544 ιρευδῆ

171 1520 329 1627 γράμματα
341 1520 419 1600 είς
389 1550 423 1588 το
435 1528 627 1669 Μητριβονί
601 1549 614 1588 ε
626 1522 727 1608 σαγειν
732 1571 742 1604 ,
763 1527 840 1629 ἔνδρι
858 1527 936 1588 ἐστιν
953 1521 1008 1588 Ιάλα
1022 1552 1059 1588 τα
1078 1529 1126 1627 δη

172 1606 261 1689 μόσια
270 1605 435 1713 γράμματα.
469 1587 613 1687 ἐψεύσατο
624 1609 665 1690 δὲ,
678 1609 784 1711 φησὶν,
802 1606 921 1711 εύγοιαν
932 1635 984 1672 και
974 1603 1126 1715 σπρυδὴν

171 1691 400 1797 μαρτυρήσας
371 1717 411 1755 τω
399 1693 626 1773 Δημοσθένει·
651 1688 796 1793 κακόνους
806 1686 864 1777 γάρ
874 1699 988 1794 μάλλον
1006 1695 1058 1756 καὶ
1075 1715 1125 1755 πο·

173 1778 268 1856 λίμιος
285 1772 446 1858 εὑρίσκεται
463 1799 499 1859 τη
486 1779 641 1877 πατρίδι.
670 1773 776 1838 τούτου
798 1801 849 1840 του
850 1774 965 1879 νόμον
986 1779 1126 1885 χρησίμου

171 1857 381 1961 τυγχάνοντος,
402 1881 454 1920 του
441 1862 577 1961 τρίτον,
596 1853 858 1961 άντιλαβόμενος’
835 1879 931 1962 ωσπερ
942 1862 1024 1934 τινδς
1036 1854 1125 1960 άγκύ-

172 1937 252 2023 ραςὸ
269 1939 366 2043 ῥητωρ
384 1941 576 2050 κατεπάλριισε
592 1936 644 2005 τδν
655 1935 710 2005 άντ
710 1946 822 2045 ίδικον,
840 1941 962 2047 μεθάδφ
973 1941 1125 2028 δεινοτάτη

172 2020 388 2123 κριισοφωτάτη
398 2048 445 2126 τη
452 2026 519 2108 περι
540 2031 593 2088 τοῦ
590 2022 778 2135 κατηγόρου
798 2024 993 2130 χρησάμενος
1013 2032 1125 2093 ἐκεῖθεν

170 2101 228 2211 γάρ
250 2109 312 2189 ἔσχε
334 2100 429 2212 λαβην
452 2109 526 2172 ἕλεῑν
549 2110 600 2171 καὶ
592 2113 897 2217 καταγωγίσασθαι
898 2106 951 2197 τὸν
977 2116 1122 2214 πολέμιον

172 2188 238 2293 6663
247 2185 346 2272 μὲν
312 2216 372 2294 γαρ
381 2187 487 2268 άλλους
499 2189 600 2255 660
565 2217 689 2300 νρμους,
712 2189 764 2258 τόν
773 2218 803 2256 τε
812 2201 871 2258 τοῖν
881 2190 1066 2260 ὑπευθύνων
1077 2221 1124 2260 και

171 2269 222 2340 τδν
231 2280 283 2339 τοῦ
294 2271 527 2380 κηρύγματος,ε
514 2273 592 2352 είς
563 2302 596 2340 το
607 2279 696 2380 μέσον
706 2302 758 2342 του
745 2274 858 2384 λύγρυ
870 2271 1027 2382 άπέρριψε,
1040 2300 1123 2380 στρα-

169 2365 295 2464 τηγικῶς
312 2353 423 2435 κακούς
441 2363 481 2436 είς
498 2362 586 2462 μέσον
603 2357 723 2465 ἕλρίσας,
745 2384 786 2466 τοι
805 2361 837 2424 δὲ
848 2361 1030 2509 ἰσχυροτάτῳ
1040 2357 1124 2439 είςτά

170 2440 248 2546 άηρα
258 2439 536 2527 προσκίχρηται,
508 2469 540 2508 το
552 2439 669 2547 666666
678 2452 738 2546 6636
749 2423 887 2523 άλλανίξ
872 2448 1040 2548 ξὲκατέρον
1051 2450 1121 2553 ραν·

169 2526 232 2629 663.
264 2529 340 2591 ἔοικε
352 2528 383 2590 δὲ
395 2529 446 2590 καί
457 2532 580 2591 διοικειν
590 2524 662 2613 πρὸς
673 2524 705 2592 τδ
717 2529 869 2610 συμφέρον
879 2523 931 2592 τδν
947 2529 1053 2615 λόγον,
1076 2555 1123 2631 κριι

169 2635 204 2672 ου
194 2605 333 2710 ’σφόδρα
344 2603 515 2685 άναιδῶς
485 2636 539 2693 την
555 2613 659 2714 τέχνην
675 2612 918 2714 ἐπιδεικνύμενος
953 2608 1102 2680 δοκοῑν
1068 2638 1122 2698 γαρ

169 2693 201 2754 ἐν
210 2687 336 2774 πράτοις
346 2689 573 2794 ὑπερβαίνειν
545 2719 578 2758 το
571 2692 729 2804 νόμιμογ,
747 2698 834 2784 ἓτὲρφ
845 2693 985 2801 τρόπφ
955 2723 998 2762 τω
985 2702 1121 2784 νομίμῳ

167 2776 392 2878 προσηίχρηται·
416 2771 512 2838 καί
477 2802 535 2880 γαρ
547 2774 637 2880 66666
648 2782 763 2881 666666
774 2761 953 2884 Αἰσχίνης
925 2805 978 2845 τον
989 2785 1105 2887 περί
1065 2806 1122 2845 ταν

168 2854 321 2964 στεφάνωη
332 2862 444 2959 ψευδη,
466 2857 542 2963 πρὸς
557 2855 617 2927 δνο
605 2858 726 2946 ῥήτωρ
738 2861 970 2966 απρίιρινάμευος
981 2856 1048 2951 εὗρε
1057 2890 1121 2929 και

168 2936 221 3043 666
232 2943 272 3031 είς
281 2941 370 3022 με’σον
379 2936 502 3050 άγαγεῖν
511 2969 547 3006 τα
535 2938 662 3011 ἑαυτοῦ
673 2943 910 3049 πολιτεύματα,’
890 2972 930 3022 υς
940 2954 1057 3053 νομίμηι
1067 2969 1120 3029 μα-

167 3020 307 3171 χάμενος.
332 3027 383 3089 καί
393 3055 413 3111 η
424 3027 478 3106 μὲν
489 3031 631 3130 διοίκησις
640 3053 693 3132 666
680 3029 793 3112 λόγου
804 3031 940 3111 τοιαύτη,
958 3032 1120 3135 κεφάλαιον

167 3107 223 3172 δδί
222 3100 381 3214 σχνρδντφ
368 3111 446 3193 μὲν
452 3114 582 3215 Αἰσχίνη
592 3109 624 3178 τὸ
641 3110 781 3221 νόμιμον,
805 3141 846 3196 τῳ
833 3116 891 3180 δὲ
907 3111 1055 3221 ῥήτορι
1026 3142 1059 3181 το
1076 3118 1147 3179 δί-

166 3216 267 3295 κριιον,
280 3189 383 3259 κοινδν
394 3188 461 3259 δὲ’
442 3189 502 3258 απδ
513 3221 565 3259 του
552 3201 641 3261 ἴσου
652 3222 685 3261 το
673 3194 847 3282 συμφέρον
851 3246 861 3280 ,
882 3196 939 3264 ούκ
945 3203 1020 3304 ἔχον
1031 3223 1117 3282 φανε-

166 3269 223 3380 ράν
233 3300 288 3381 την
299 3273 483 3354 &3666st
467 3304 488 3359 η
500 3277 598 3357 στάσις
608 3283 754 3367 ἔγγραφος
765 3281 969 3366 πραγματική
990 3308 1058 3364 περι
1048 3285 1116 3371 ρη-

165 3365 217 3459 τοῦ
226 3354 285 3445 γάρ
295 3355 328 3424 τδ
339 3359 492 3475 ψήφισμα.
