<?xml version="1.0" encoding="UTF-8"?>
<!DOCTYPE html PUBLIC "-//W3C//DTD XHTML 1.0 Transitional//EN"
    "http://www.w3.org/TR/xhtml1/DTD/xhtml1-transitional.dtd">
<html xmlns="http://www.w3.org/1999/xhtml" xml:lang="en" lang="en">
 <head>
  <title>
</title>
<meta http-equiv="Content-Type" content="text/html;charset=utf-8" />
  <meta name='ocr-system' content='tesseract 3.04.00' />
  <meta name='ocr-capabilities' content='ocr_page ocr_carea ocr_par ocr_line ocrx_word'/>
</head>
<body>
  <div class='ocr_page' id='page_1' title='image "./orationesexrece03demogoog_0097.png"; bbox 0 0 2340 3894; ppageno 0'>
   <div class='ocr_carea' id='block_1_1' title="bbox 124 167 771 231">
    <p class='ocr_par' dir='ltr' id='par_1_1' title="bbox 124 167 771 231">
     <span class='ocr_line' id='line_1_1' title="bbox 124 167 771 231; baseline -0.002 -2"><span class='ocrx_word' id='word_1_1' title='bbox 124 180 239 229; x_wconf 69' lang='lat' dir='ltr'><strong>dxxxix</strong></span> <span class='ocrx_word' id='word_1_2' title='bbox 515 167 771 231; x_wconf 69' lang='lat' dir='ltr'><strong>mauriennam</strong></span> 
     </span>
    </p>
   </div>
   <div class='ocr_carea' id='block_1_2' title="bbox 61 335 1139 580">
    <p class='ocr_par' dir='ltr' id='par_1_2' title="bbox 61 335 1139 580">
     <span class='ocr_line' id='line_1_2' title="bbox 61 335 1139 413; baseline 0.005 -20"><span class='ocrx_word' id='word_1_3' title='bbox 61 388 64 393; x_wconf 86' lang='lat'><strong>.</strong></span> <span class='ocrx_word' id='word_1_4' title='bbox 129 340 234 397; x_wconf 70' lang='lat' dir='ltr'><strong>stitisse</strong></span> <span class='ocrx_word' id='word_1_5' title='bbox 253 338 406 410; x_wconf 55' lang='grc' dir='ltr'><strong><em>αἰδοίου).</em></strong></span> <span class='ocrx_word' id='word_1_6' title='bbox 438 335 524 395; x_wconf 83' lang='lat' dir='ltr'>Brevi</span> <span class='ocrx_word' id='word_1_7' title='bbox 548 339 693 408; x_wconf 86' lang='lat' dir='ltr'><strong>interjecto</strong></span> <span class='ocrx_word' id='word_1_8' title='bbox 715 344 840 410; x_wconf 89' lang='lat' dir='ltr'><strong>tempore</strong></span> <span class='ocrx_word' id='word_1_9' title='bbox 857 338 1005 412; x_wconf 73' lang='lat' dir='ltr'><strong>¹riphohus</strong></span> <span class='ocrx_word' id='word_1_10' title='bbox 1024 340 1139 413; x_wconf 74' lang='lat' dir='ltr'><strong>Milyam</strong></span> 
     </span>
     <span class='ocr_line' id='line_1_3' title="bbox 129 415 1139 496; baseline 0.001 -18"><span class='ocrx_word' id='word_1_11' title='bbox 129 423 271 494; x_wconf 85' lang='lat' dir='ltr'><strong>quendam</strong></span> <span class='ocrx_word' id='word_1_12' title='bbox 293 437 407 479; x_wconf 89' lang='lat' dir='ltr'><strong>servum</strong></span> <span class='ocrx_word' id='word_1_13' title='bbox 423 421 460 477; x_wconf 89' lang='lat' dir='ltr'><strong>ad</strong></span> <span class='ocrx_word' id='word_1_14' title='bbox 473 422 660 494; x_wconf 86' lang='lat' dir='ltr'><strong>torquendum</strong></span> <span class='ocrx_word' id='word_1_15' title='bbox 678 416 733 490; x_wconf 78' lang='grc' dir='ltr'><strong><em>(εἰς</em></strong></span> <span class='ocrx_word' id='word_1_16' title='bbox 744 415 891 496; x_wconf 77' lang='grc' dir='ltr'><strong>βάσανον)</strong></span> <span class='ocrx_word' id='word_1_17' title='bbox 902 427 938 482; x_wconf 85' lang='lat' dir='ltr'><strong>ab</strong></span> <span class='ocrx_word' id='word_1_18' title='bbox 950 423 1139 481; x_wconf 76' lang='lat' dir='ltr'>Demosthene</span> 
     </span>
     <span class='ocr_line' id='line_1_4' title="bbox 129 502 1139 580; baseline 0.002 -18"><span class='ocrx_word' id='word_1_19' title='bbox 129 502 336 579; x_wconf 75' lang='lat' dir='ltr'><strong>postulaverat,</strong></span> <span class='ocrx_word' id='word_1_20' title='bbox 358 522 442 578; x_wconf 89' lang='lat' dir='ltr'><strong>quem</strong></span> <span class='ocrx_word' id='word_1_21' title='bbox 462 506 632 578; x_wconf 85' lang='lat' dir='ltr'><strong>praevidere</strong></span> <span class='ocrx_word' id='word_1_22' title='bbox 654 514 764 578; x_wconf 86' lang='lat' dir='ltr'><strong>poterat</strong></span> <span class='ocrx_word' id='word_1_23' title='bbox 778 508 842 563; x_wconf 87' lang='lat' dir='ltr'><strong>&#39;non</strong></span> <span class='ocrx_word' id='word_1_24' title='bbox 862 508 958 564; x_wconf 89' lang='lat' dir='ltr'><strong>datum</strong></span> <span class='ocrx_word' id='word_1_25' title='bbox 980 508 1031 578; x_wconf 86' lang='lat' dir='ltr'><strong>iri,</strong></span> <span class='ocrx_word' id='word_1_26' title='bbox 1052 524 1139 580; x_wconf 87' lang='lat' dir='ltr'><strong>quum</strong></span> 
     </span>
    </p>
   </div>
   <div class='ocr_carea' id='block_1_3' title="bbox 128 677 1162 1524">
    <p class='ocr_par' dir='ltr' id='par_1_3' title="bbox 128 677 1162 1524">
     <span class='ocr_line' id='line_1_5' title="bbox 130 677 1138 755; baseline -0.002 -15"><span class='ocrx_word' id='word_1_27' title='bbox 130 686 225 755; x_wconf 72' lang='grc' dir='ltr'><strong><em>ἔχουσι</em></strong></span> <span class='ocrx_word' id='word_1_28' title='bbox 242 685 301 737; x_wconf 90' lang='grc' dir='ltr'><strong>τῶν</strong></span> <span class='ocrx_word' id='word_1_29' title='bbox 318 677 401 752; x_wconf 73' lang='grc' dir='ltr'><strong><em>ἐμῶν,</em></strong></span> <span class='ocrx_word' id='word_1_30' title='bbox 419 679 478 737; x_wconf 90' lang='grc' dir='ltr'><strong><em>τότ’</em></strong></span> <span class='ocrx_word' id='word_1_31' title='bbox 496 677 637 752; x_wconf 71' lang='grc' dir='ltr'><strong><em>ἐξαρκέσει</em></strong></span> <span class='ocrx_word' id='word_1_32' title='bbox 657 683 724 752; x_wconf 76' lang='grc' dir='ltr'><strong><em>περὶ</em></strong></span> <span class='ocrx_word' id='word_1_33' title='bbox 742 679 837 738; x_wconf 84' lang='grc' dir='ltr'><strong><em>αάτῶν</em></strong></span> <span class='ocrx_word' id='word_1_34' title='bbox 855 686 961 752; x_wconf 80' lang='grc' dir='ltr'><strong><em>είπελν,</em></strong></span> <span class='ocrx_word' id='word_1_35' title='bbox 979 677 1052 737; x_wconf 79' lang='grc' dir='ltr'><strong><em>ὅταν</em></strong></span> <span class='ocrx_word' id='word_1_36' title='bbox 1072 679 1138 738; x_wconf 65' lang='grc' dir='ltr'><strong><em>κατ’</em></strong></span> 
     </span>
     <span class='ocr_line' id='line_1_6' title="bbox 129 746 1140 821; baseline 0 -14"><span class='ocrx_word' id='word_1_37' title='bbox 129 750 226 809; x_wconf 86' lang='grc' dir='ltr'><strong><em>αάτῶν</em></strong></span> <span class='ocrx_word' id='word_1_38' title='bbox 247 749 298 813; x_wconf 80' lang='grc' dir='ltr'><strong>τάς</strong></span> <span class='ocrx_word' id='word_1_39' title='bbox 321 746 434 821; x_wconf 74' lang='grc' dir='ltr'><strong><em>γραφάς</em></strong></span> <span class='ocrx_word' id='word_1_40' title='bbox 456 747 661 821; x_wconf 74' lang='grc' dir='ltr'><strong><em>ἀπενέγκωμεν.</em></strong></span> <span class='ocrx_word' id='word_1_41' title='bbox 706 756 779 817; x_wconf 83' lang='lat' dir='ltr'><strong>Quod</strong></span> <span class='ocrx_word' id='word_1_42' title='bbox 804 773 862 809; x_wconf 86' lang='lat' dir='ltr'><strong>eum</strong></span> <span class='ocrx_word' id='word_1_43' title='bbox 878 771 968 809; x_wconf 82' lang='lat' dir='ltr'><strong>revera</strong></span> <span class='ocrx_word' id='word_1_44' title='bbox 991 755 1087 809; x_wconf 75' lang='lat' dir='ltr'><strong>recisse</strong></span> <span class='ocrx_word' id='word_1_45' title='bbox 1102 757 1140 807; x_wconf 83' lang='lat' dir='ltr'><strong>ait</strong></span> 
     </span>
     <span class='ocr_line' id='line_1_7' title="bbox 130 815 1162 908; baseline -0.005 -31"><span class='ocrx_word' id='word_1_46' title='bbox 130 827 270 877; x_wconf 79' lang='lat' dir='ltr'><strong>Aeschines</strong></span> <span class='ocrx_word' id='word_1_47' title='bbox 293 838 320 908; x_wconf 76' lang='lat' dir='ltr'><strong>p.</strong></span> <span class='ocrx_word' id='word_1_48' title='bbox 346 825 390 883; x_wconf 87' lang='grc'><strong>41,</strong></span> <span class='ocrx_word' id='word_1_49' title='bbox 412 823 454 875; x_wconf 81' lang='grc'><strong>13.</strong></span> <span class='ocrx_word' id='word_1_50' title='bbox 483 824 528 874; x_wconf 91' lang='lat' dir='ltr'><strong>ubi</strong></span> <span class='ocrx_word' id='word_1_51' title='bbox 554 825 648 874; x_wconf 87' lang='lat' dir='ltr'><strong>dicitur</strong></span> <span class='ocrx_word' id='word_1_52' title='bbox 675 818 899 885; x_wconf 82' lang='grc' dir='ltr'><strong><em>δεκαταλάντους</em></strong></span> <span class='ocrx_word' id='word_1_53' title='bbox 922 823 1005 883; x_wconf 82' lang='grc' dir='ltr'><strong><em>δίκας</em></strong></span> <span class='ocrx_word' id='word_1_54' title='bbox 1031 815 1137 891; x_wconf 80' lang='grc' dir='ltr'><strong><em>ἕκάστφ</em></strong></span> <span class='ocrx_word' id='word_1_55' title='bbox 1158 858 1162 871; x_wconf 83' lang='grc'><strong>.</strong></span> 
     </span>
     <span class='ocr_line' id='line_1_8' title="bbox 128 884 1138 961; baseline -0.004 -15"><span class='ocrx_word' id='word_1_56' title='bbox 128 893 187 946; x_wconf 90' lang='grc' dir='ltr'><strong>τῶν</strong></span> <span class='ocrx_word' id='word_1_57' title='bbox 204 885 365 959; x_wconf 80' lang='grc' dir='ltr'><strong><em>ίπιτροπων</em></strong></span> <span class='ocrx_word' id='word_1_58' title='bbox 384 884 545 958; x_wconf 61' lang='lat' dir='ltr'><strong>tappetem·</strong></span> <span class='ocrx_word' id='word_1_59' title='bbox 567 893 614 944; x_wconf 88' lang='lat' dir='ltr'><strong>sed</strong></span> <span class='ocrx_word' id='word_1_60' title='bbox 638 896 767 947; x_wconf 85' lang='lat' dir='ltr'><strong>convictos</strong></span> <span class='ocrx_word' id='word_1_61' title='bbox 787 892 1045 961; x_wconf 73' lang='lat' dir='ltr'><strong>esse&#39;l&#39;herippidem</strong></span> <span class='ocrx_word' id='word_1_62' title='bbox 1062 900 1138 956; x_wconf 83' lang='lat' dir='ltr'><strong>atque</strong></span> 
     </span>
     <span class='ocr_line' id='line_1_9' title="bbox 129 962 1138 1031; baseline -0.005 -16"><span class='ocrx_word' id='word_1_63' title='bbox 129 963 331 1028; x_wconf 75' lang='lat' dir='ltr'><strong>Demophontem</strong></span> <span class='ocrx_word' id='word_1_64' title='bbox 354 962 510 1025; x_wconf 85' lang='lat' dir='ltr'><strong>totidemque</strong></span> <span class='ocrx_word' id='word_1_65' title='bbox 532 963 633 1013; x_wconf 84' lang='lat' dir='ltr'><strong>talentis</strong></span> <span class='ocrx_word' id='word_1_66' title='bbox 650 964 770 1016; x_wconf 86' lang='lat' dir='ltr'><strong>multatos</strong></span> <span class='ocrx_word' id='word_1_67' title='bbox 794 972 856 1026; x_wconf 84' lang='lat' dir='ltr'><strong>quot</strong></span> <span class='ocrx_word' id='word_1_68' title='bbox 873 965 998 1031; x_wconf 79' lang='lat' dir='ltr'><strong>Aphobue</strong></span> <span class='ocrx_word' id='word_1_69' title='bbox 1015 962 1138 1013; x_wconf 88' lang='lat' dir='ltr'><strong>multatus</strong></span> 
     </span>
     <span class='ocr_line' id='line_1_10' title="bbox 129 1030 1137 1098; baseline -0.004 -13"><span class='ocrx_word' id='word_1_70' title='bbox 129 1049 186 1085; x_wconf 78' lang='lat' dir='ltr'><strong>esso</strong></span> <span class='ocrx_word' id='word_1_71' title='bbox 200 1033 293 1083; x_wconf 84' lang='lat' dir='ltr'><strong>dicitur</strong></span> <span class='ocrx_word' id='word_1_72' title='bbox 310 1048 336 1097; x_wconf 92' lang='lat' dir='ltr'><strong>p.</strong></span> <span class='ocrx_word' id='word_1_73' title='bbox 351 1030 412 1093; x_wconf 84' lang='grc'><strong>862,</strong></span> <span class='ocrx_word' id='word_1_74' title='bbox 431 1033 486 1093; x_wconf 79' lang='lat'><strong>22..</strong></span> <span class='ocrx_word' id='word_1_75' title='bbox 504 1032 576 1082; x_wconf 89' lang='lat' dir='ltr'><strong>solus</strong></span> <span class='ocrx_word' id='word_1_76' title='bbox 589 1033 662 1083; x_wconf 81' lang='lat' dir='ltr'><strong>testis</strong></span> <span class='ocrx_word' id='word_1_77' title='bbox 679 1041 718 1083; x_wconf 85' lang='lat' dir='ltr'><strong>est</strong></span> <span class='ocrx_word' id='word_1_78' title='bbox 728 1033 991 1084; x_wconf 80' lang='lat' dir='ltr'><strong>Pseudo-Plutarchus</strong></span> <span class='ocrx_word' id='word_1_79' title='bbox 1004 1047 1032 1098; x_wconf 95' lang='lat' dir='ltr'><strong>p.</strong></span> <span class='ocrx_word' id='word_1_80' title='bbox 1043 1032 1096 1083; x_wconf 82' lang='grc'><strong>844</strong></span> <span class='ocrx_word' id='word_1_81' title='bbox 1107 1030 1137 1082; x_wconf 83' lang='lat' dir='ltr'><strong>G.</strong></span> 
     </span>
     <span class='ocr_line' id='line_1_11' title="bbox 128 1089 1137 1169; baseline -0.006 -16"><span class='ocrx_word' id='word_1_82' title='bbox 128 1098 289 1160; x_wconf 72' lang='grc' dir='ltr'><strong><em>τελειωθεὶς</em></strong></span> <span class='ocrx_word' id='word_1_83' title='bbox 305 1091 333 1150; x_wconf 90' lang='grc' dir='ltr'><strong><em>δ’</em></strong></span> <span class='ocrx_word' id='word_1_84' title='bbox 355 1089 456 1150; x_wconf 80' lang='grc' dir='ltr'><strong><em>ἐλάττω</em></strong></span> <span class='ocrx_word' id='word_1_85' title='bbox 480 1091 558 1164; x_wconf 83' lang='grc' dir='ltr'><strong><em>παρά</em></strong></span> <span class='ocrx_word' id='word_1_86' title='bbox 572 1097 630 1150; x_wconf 88' lang='grc' dir='ltr'><strong>τῶν</strong></span> <span class='ocrx_word' id='word_1_87' title='bbox 646 1092 808 1165; x_wconf 72' lang='grc' dir='ltr'><strong><em>ἐπιτρόπων</em></strong></span> <span class='ocrx_word' id='word_1_88' title='bbox 829 1093 1003 1169; x_wconf 74' lang='grc' dir='ltr'><strong><em>παραλαβὼν</em></strong></span> <span class='ocrx_word' id='word_1_89' title='bbox 1026 1094 1137 1164; x_wconf 75' lang='grc' dir='ltr'><strong><em>ἔκρινον</em></strong></span> 
     </span>
     <span class='ocr_line' id='line_1_12' title="bbox 128 1157 1136 1252; baseline -0.005 -32"><span class='ocrx_word' id='word_1_90' title='bbox 128 1157 447 1234; x_wconf 78' lang='grc' dir='ltr'><strong><em>αὖτοδςίπιτροπῆςέπλ</em></strong></span> <span class='ocrx_word' id='word_1_91' title='bbox 458 1160 652 1252; x_wconf 55' lang='grc' dir='ltr'><strong><em>Τιμοκράτους</em></strong></span> <span class='ocrx_word' id='word_1_92' title='bbox 661 1159 801 1235; x_wconf 77' lang='grc' dir='ltr'><strong><em>ἄρχοντος</em></strong></span> <span class='ocrx_word' id='word_1_93' title='bbox 810 1173 886 1233; x_wconf 81' lang='grc' dir='ltr'><strong><em>τρεῖς</em></strong></span> <span class='ocrx_word' id='word_1_94' title='bbox 899 1158 1136 1234; x_wconf 80' lang='grc' dir='ltr'><strong><em>ὅντας,”Αφοβον,</em></strong></span> 
     </span>
     <span class='ocr_line' id='line_1_13' title="bbox 129 1232 1134 1303; baseline -0.004 -14"><span class='ocrx_word' id='word_1_95' title='bbox 129 1236 330 1303; x_wconf 82' lang='grc' dir='ltr'><strong><em>Θηριππίδην,</em></strong></span> <span class='ocrx_word' id='word_1_96' title='bbox 352 1235 537 1302; x_wconf 86' lang='grc' dir='ltr'><strong><em>Δημοφῶντα</em></strong></span> <span class='ocrx_word' id='word_1_97' title='bbox 552 1251 570 1300; x_wconf 96' lang='grc' dir='ltr'><strong><em>η</em></strong></span> <span class='ocrx_word' id='word_1_98' title='bbox 589 1234 704 1302; x_wconf 81' lang='grc' dir='ltr'><strong><em>Δημέαν</em></strong></span> <span class='ocrx_word' id='word_1_99' title='bbox 722 1233 781 1302; x_wconf 86' lang='grc' dir='ltr'><strong><em>(καλ</em></strong></span> <span class='ocrx_word' id='word_1_100' title='bbox 797 1234 916 1303; x_wconf 86' lang='grc' dir='ltr'><strong><em>μάλιστα</em></strong></span> <span class='ocrx_word' id='word_1_101' title='bbox 927 1232 1031 1289; x_wconf 76' lang='grc' dir='ltr'><strong><em>τούτου</em></strong></span> <span class='ocrx_word' id='word_1_102' title='bbox 1048 1250 1134 1299; x_wconf 88' lang='grc' dir='ltr'><strong><em>κατη-</em></strong></span> 
     </span>
     <span class='ocr_line' id='line_1_14' title="bbox 128 1296 1137 1374; baseline -0.003 -17"><span class='ocrx_word' id='word_1_103' title='bbox 128 1299 249 1374; x_wconf 74' lang='grc' dir='ltr'><strong><em>γόρησεν</em></strong></span> <span class='ocrx_word' id='word_1_104' title='bbox 259 1299 389 1371; x_wconf 78' lang='grc' dir='ltr'><strong><em>ἀδελφοῦ</em></strong></span> <span class='ocrx_word' id='word_1_105' title='bbox 402 1303 454 1370; x_wconf 81' lang='grc' dir='ltr'><strong>τῆς</strong></span> <span class='ocrx_word' id='word_1_106' title='bbox 470 1297 577 1371; x_wconf 84' lang='grc' dir='ltr'><strong><em>μητρὸς</em></strong></span> <span class='ocrx_word' id='word_1_107' title='bbox 593 1296 699 1370; x_wconf 84' lang='grc' dir='ltr'><strong><em>ὄντος),</em></strong></span> <span class='ocrx_word' id='word_1_108' title='bbox 718 1302 787 1355; x_wconf 75' lang='grc' dir='ltr'><strong><em>δέκα</em></strong></span> <span class='ocrx_word' id='word_1_109' title='bbox 804 1299 927 1357; x_wconf 86' lang='grc' dir='ltr'><strong><em>τάλαντα</em></strong></span> <span class='ocrx_word' id='word_1_110' title='bbox 939 1305 1051 1372; x_wconf 84' lang='grc' dir='ltr'><strong><em>τίμημα</em></strong></span> <span class='ocrx_word' id='word_1_111' title='bbox 1064 1296 1137 1354; x_wconf 62' lang='lat' dir='ltr'><strong>tad-</strong></span> 
     </span>
     <span class='ocr_line' id='line_1_15' title="bbox 128 1366 1135 1442; baseline -0.005 -16"><span class='ocrx_word' id='word_1_112' title='bbox 128 1389 180 1442; x_wconf 83' lang='grc' dir='ltr'><strong><em>στη</em></strong></span> <span class='ocrx_word' id='word_1_113' title='bbox 193 1374 251 1425; x_wconf 88' lang='grc' dir='ltr'><strong>τῶν</strong></span> <span class='ocrx_word' id='word_1_114' title='bbox 270 1374 359 1426; x_wconf 92' lang='grc' dir='ltr'><strong><em>δικῶν</em></strong></span> <span class='ocrx_word' id='word_1_115' title='bbox 376 1366 620 1439; x_wconf 76' lang='grc' dir='ltr'><strong><em>ἐπιγραψάμενος,</em></strong></span> <span class='ocrx_word' id='word_1_116' title='bbox 642 1370 691 1425; x_wconf 87' lang='grc' dir='ltr'><strong><em>καλ</em></strong></span> <span class='ocrx_word' id='word_1_117' title='bbox 711 1369 785 1424; x_wconf 75' lang='grc' dir='ltr'><strong><em>εἷλεν</em></strong></span> <span class='ocrx_word' id='word_1_118' title='bbox 800 1366 915 1439; x_wconf 80' lang='grc' dir='ltr'><strong><em>αάτοδς,</em></strong></span> <span class='ocrx_word' id='word_1_119' title='bbox 930 1373 982 1441; x_wconf 80' lang='grc' dir='ltr'><strong>τῆς</strong></span> <span class='ocrx_word' id='word_1_120' title='bbox 1001 1367 1034 1423; x_wconf 70' lang='grc' dir='ltr'><strong><em>δὲ</em></strong></span> <span class='ocrx_word' id='word_1_121' title='bbox 1051 1387 1135 1422; x_wconf 89' lang='grc' dir='ltr'><strong><em>κατα-</em></strong></span> 
     </span>
     <span class='ocr_line' id='line_1_16' title="bbox 129 1434 1137 1524; baseline -0.005 -30"><span class='ocrx_word' id='word_1_122' title='bbox 129 1442 213 1524; x_wconf 71' lang='grc' dir='ltr'><strong><em>δίκης</em></strong></span> <span class='ocrx_word' id='word_1_123' title='bbox 234 1437 321 1495; x_wconf 72' lang='grc' dir='ltr'><strong><em>οὐδὲν</em></strong></span> <span class='ocrx_word' id='word_1_124' title='bbox 340 1435 495 1508; x_wconf 75' lang='grc' dir='ltr'><strong><em>ἐπράξατο,</em></strong></span> <span class='ocrx_word' id='word_1_125' title='bbox 519 1434 587 1500; x_wconf 78' lang='grc' dir='ltr'><strong>τούς</strong></span> <span class='ocrx_word' id='word_1_126' title='bbox 608 1435 660 1506; x_wconf 74' lang='grc' dir='ltr'><strong><em>μὲν</em></strong></span> <span class='ocrx_word' id='word_1_127' title='bbox 678 1434 761 1507; x_wconf 86' lang='grc' dir='ltr'><strong><em>άφελς</em></strong></span> <span class='ocrx_word' id='word_1_128' title='bbox 778 1435 929 1509; x_wconf 77' lang='grc' dir='ltr'><strong><em>άργυρίον,</em></strong></span> <span class='ocrx_word' id='word_1_129' title='bbox 952 1435 1021 1500; x_wconf 76' lang='grc' dir='ltr'><strong><em>τοὺς</em></strong></span> <span class='ocrx_word' id='word_1_130' title='bbox 1038 1434 1071 1492; x_wconf 80' lang='grc' dir='ltr'><strong><em>δὲ</em></strong></span> <span class='ocrx_word' id='word_1_131' title='bbox 1087 1435 1137 1511; x_wconf 64' lang='grc' dir='ltr'><strong><em>καλ</em></strong></span> 
     </span>
    </p>
   </div>
   <div class='ocr_carea' id='block_1_4' title="bbox 39 1506 1134 1579">
    <p class='ocr_par' dir='ltr' id='par_1_4' title="bbox 39 1506 1134 1579">
     <span class='ocr_line' id='line_1_17' title="bbox 39 1506 1134 1579; baseline -0.001 -16"><span class='ocrx_word' id='word_1_132' title='bbox 39 1525 41 1528; x_wconf 88' lang='grc'><strong><em>·</em></strong></span> <span class='ocrx_word' id='word_1_133' title='bbox 127 1526 250 1579; x_wconf 74' lang='grc' dir='ltr'><strong><em>ηαριτος.</em></strong></span> <span class='ocrx_word' id='word_1_134' title='bbox 286 1513 355 1572; x_wconf 85' lang='lat' dir='ltr'><strong>Quae</strong></span> <span class='ocrx_word' id='word_1_135' title='bbox 371 1513 462 1562; x_wconf 89' lang='lat' dir='ltr'><strong>iisdem</strong></span> <span class='ocrx_word' id='word_1_136' title='bbox 476 1512 528 1561; x_wconf 84' lang='lat' dir='ltr'><strong>iere</strong></span> <span class='ocrx_word' id='word_1_137' title='bbox 542 1511 628 1560; x_wconf 87' lang='lat' dir='ltr'><strong>verbis</strong></span> <span class='ocrx_word' id='word_1_138' title='bbox 645 1512 736 1577; x_wconf 87' lang='lat' dir='ltr'><strong>repetit</strong></span> <span class='ocrx_word' id='word_1_139' title='bbox 751 1511 855 1563; x_wconf 88' lang='lat' dir='ltr'><strong>Photins</strong></span> <span class='ocrx_word' id='word_1_140' title='bbox 868 1512 938 1563; x_wconf 89' lang='lat' dir='ltr'><strong>Bibl.</strong></span> <span class='ocrx_word' id='word_1_141' title='bbox 959 1527 983 1576; x_wconf 88' lang='lat' dir='ltr'><strong>p.</strong></span> <span class='ocrx_word' id='word_1_142' title='bbox 1000 1509 1062 1575; x_wconf 82' lang='lat'>492,</span> <span class='ocrx_word' id='word_1_143' title='bbox 1081 1506 1134 1573; x_wconf 69' lang='lat'><strong>30„</strong></span> 
     </span>
    </p>
   </div>
   <div class='ocr_carea' id='block_1_5' title="bbox 125 1571 1137 2333">
    <p class='ocr_par' dir='ltr' id='par_1_5' title="bbox 125 1571 1137 2333">
     <span class='ocr_line' id='line_1_18' title="bbox 128 1571 1137 1646; baseline -0.005 -14"><span class='ocrx_word' id='word_1_144' title='bbox 128 1582 179 1632; x_wconf 88' lang='lat' dir='ltr'><strong>nisi</strong></span> <span class='ocrx_word' id='word_1_145' title='bbox 216 1581 265 1631; x_wconf 91' lang='lat' dir='ltr'><strong>uod</strong></span> <span class='ocrx_word' id='word_1_146' title='bbox 284 1582 321 1630; x_wconf 89' lang='lat' dir='ltr'><strong>ibi</strong></span> <span class='ocrx_word' id='word_1_147' title='bbox 338 1583 460 1646; x_wconf 86' lang='lat' dir='ltr'><strong>scriptum</strong></span> <span class='ocrx_word' id='word_1_148' title='bbox 479 1577 731 1643; x_wconf 61' lang='lat' dir='ltr'><strong>antropomereos,</strong></span> <span class='ocrx_word' id='word_1_149' title='bbox 755 1573 787 1629; x_wconf 80' lang='grc' dir='ltr'><strong>ολ</strong></span> <span class='ocrx_word' id='word_1_150' title='bbox 801 1574 833 1631; x_wconf 75' lang='grc' dir='ltr'><strong><em>δὲ</em></strong></span> <span class='ocrx_word' id='word_1_151' title='bbox 853 1571 916 1630; x_wconf 83' lang='grc' dir='ltr'><strong><em>άντλ</em></strong></span> <span class='ocrx_word' id='word_1_152' title='bbox 938 1576 1137 1645; x_wconf 71' lang='grc' dir='ltr'><strong><em>Δημοφῶντος</em></strong></span> 
     </span>
     <span class='ocr_line' id='line_1_19' title="bbox 128 1641 1136 1716; baseline -0.003 -17"><span class='ocrx_word' id='word_1_153' title='bbox 128 1650 193 1716; x_wconf 91' lang='grc' dir='ltr'><strong>Δημ</strong></span> <span class='ocrx_word' id='word_1_154' title='bbox 226 1663 244 1698; x_wconf 91' lang='grc' dir='ltr'><strong><em>ν</em></strong></span> <span class='ocrx_word' id='word_1_155' title='bbox 261 1645 419 1714; x_wconf 77' lang='grc' dir='ltr'><strong><em>εἰσάγουσι,</em></strong></span> <span class='ocrx_word' id='word_1_156' title='bbox 436 1647 542 1712; x_wconf 87' lang='grc' dir='ltr'><strong><em>τίμημα</em></strong></span> <span class='ocrx_word' id='word_1_157' title='bbox 559 1642 628 1695; x_wconf 76' lang='grc' dir='ltr'><strong><em>δέκα</em></strong></span> <span class='ocrx_word' id='word_1_158' title='bbox 647 1641 792 1697; x_wconf 77' lang='grc' dir='ltr'><strong><em>ταλάντων</em></strong></span> <span class='ocrx_word' id='word_1_159' title='bbox 808 1651 869 1701; x_wconf 74' lang='grc' dir='ltr'><strong>ολο.ι</strong></span> <span class='ocrx_word' id='word_1_160' title='bbox 891 1649 1014 1700; x_wconf 80' lang='lat' dir='ltr'><strong>Demeam</strong></span> <span class='ocrx_word' id='word_1_161' title='bbox 1028 1649 1074 1711; x_wconf 87' lang='lat' dir='ltr'><strong>qui</strong></span> <span class='ocrx_word' id='word_1_162' title='bbox 1090 1659 1136 1697; x_wconf 87' lang='lat' dir='ltr'><strong>uo·</strong></span> 
     </span>
     <span class='ocr_line' id='line_1_20' title="bbox 129 1715 1136 1783; baseline -0.008 -12"><span class='ocrx_word' id='word_1_163' title='bbox 129 1720 248 1783; x_wconf 85' lang='lat' dir='ltr'><strong>minavit,</strong></span> <span class='ocrx_word' id='word_1_164' title='bbox 279 1719 418 1769; x_wconf 88' lang='lat' dir='ltr'><strong>Demonem</strong></span> <span class='ocrx_word' id='word_1_165' title='bbox 439 1717 522 1766; x_wconf 82' lang='lat' dir='ltr'><strong>dicere</strong></span> <span class='ocrx_word' id='word_1_166' title='bbox 548 1715 662 1766; x_wconf 88' lang='lat' dir='ltr'><strong>voluisse</strong></span> <span class='ocrx_word' id='word_1_167' title='bbox 683 1719 801 1783; x_wconf 89' lang='lat' dir='ltr'><strong>opinatur</strong></span> <span class='ocrx_word' id='word_1_168' title='bbox 828 1719 1050 1769; x_wconf 88' lang='lat' dir='ltr'><strong>Westermanuus.</strong></span> <span class='ocrx_word' id='word_1_169' title='bbox 1090 1715 1136 1765; x_wconf 83' lang='lat' dir='ltr'><strong>llio</strong></span> 
     </span>
     <span class='ocr_line' id='line_1_21' title="bbox 128 1784 1134 1852; baseline -0.006 -13"><span class='ocrx_word' id='word_1_170' title='bbox 128 1790 212 1849; x_wconf 85' lang='lat' dir='ltr'><strong>enim,</strong></span> <span class='ocrx_word' id='word_1_171' title='bbox 241 1789 286 1850; x_wconf 91' lang='lat' dir='ltr'><strong>qui</strong></span> <span class='ocrx_word' id='word_1_172' title='bbox 312 1796 384 1852; x_wconf 89' lang='lat' dir='ltr'><strong>pater</strong></span> <span class='ocrx_word' id='word_1_173' title='bbox 405 1785 453 1835; x_wconf 84' lang='lat' dir='ltr'><strong>init</strong></span> <span class='ocrx_word' id='word_1_174' title='bbox 476 1784 660 1849; x_wconf 83' lang='lat' dir='ltr'><strong>Demophontis</strong></span> <span class='ocrx_word' id='word_1_175' title='bbox 682 1799 718 1835; x_wconf 88' lang='lat' dir='ltr'><strong>et.</strong></span> <span class='ocrx_word' id='word_1_176' title='bbox 736 1794 843 1850; x_wconf 87' lang='lat' dir='ltr'><strong>patruus</strong></span> <span class='ocrx_word' id='word_1_177' title='bbox 871 1786 1048 1837; x_wconf 74' lang='lat' dir='ltr'><strong>Demosthenis</strong></span> <span class='ocrx_word' id='word_1_178' title='bbox 1077 1799 1134 1834; x_wconf 85' lang='lat' dir='ltr'><strong>ora·</strong></span> 
     </span>
     <span class='ocr_line' id='line_1_22' title="bbox 127 1845 1134 1922; baseline -0.005 -16"><span class='ocrx_word' id='word_1_179' title='bbox 127 1860 205 1918; x_wconf 88' lang='lat' dir='ltr'><strong>roris,</strong></span> <span class='ocrx_word' id='word_1_180' title='bbox 225 1854 432 1919; x_wconf 78' lang='grc' dir='ltr'><strong><em>συνεπίτροπος</em></strong></span> <span class='ocrx_word' id='word_1_181' title='bbox 449 1853 593 1918; x_wconf 85' lang='lat' dir='ltr'><strong>appellatur</strong></span> <span class='ocrx_word' id='word_1_182' title='bbox 618 1854 645 1902; x_wconf 93' lang='lat' dir='ltr'><strong>in</strong></span> <span class='ocrx_word' id='word_1_183' title='bbox 661 1856 774 1904; x_wconf 84' lang='lat' dir='ltr'><strong>oratioue</strong></span> <span class='ocrx_word' id='word_1_184' title='bbox 797 1846 870 1919; x_wconf 87' lang='grc' dir='ltr'><strong><em>πρὸς</em></strong></span> <span class='ocrx_word' id='word_1_185' title='bbox 887 1845 1011 1922; x_wconf 69' lang='grc' dir='ltr'><strong><em>’Ἄφοβον</em></strong></span> <span class='ocrx_word' id='word_1_186' title='bbox 1027 1849 1134 1919; x_wconf 73' lang='grc' dir='ltr'><strong><em>ψευδο·</em></strong></span> 
     </span>
     <span class='ocr_line' id='line_1_23' title="bbox 126 1922 1134 1989; baseline -0.004 -16"><span class='ocrx_word' id='word_1_187' title='bbox 126 1923 289 1989; x_wconf 85' lang='grc' dir='ltr'><strong><em>μαρτυριῶν</em></strong></span> <span class='ocrx_word' id='word_1_188' title='bbox 305 1938 329 1988; x_wconf 94' lang='lat' dir='ltr'><strong>p.</strong></span> <span class='ocrx_word' id='word_1_189' title='bbox 348 1923 408 1982; x_wconf 88' lang='lat'><strong>861,</strong></span> <span class='ocrx_word' id='word_1_190' title='bbox 427 1923 453 1972; x_wconf 88' lang='grc'><strong>4.</strong></span> <span class='ocrx_word' id='word_1_191' title='bbox 468 1930 670 1984; x_wconf 85' lang='lat' dir='ltr'><strong>memoraturque</strong></span> <span class='ocrx_word' id='word_1_192' title='bbox 682 1923 775 1972; x_wconf 86' lang='lat' dir='ltr'><strong>ibidem</strong></span> <span class='ocrx_word' id='word_1_193' title='bbox 789 1939 815 1988; x_wconf 88' lang='lat' dir='ltr'><strong>p.</strong></span> <span class='ocrx_word' id='word_1_194' title='bbox 834 1922 895 1975; x_wconf 83' lang='grc'><strong>846.</strong></span> <span class='ocrx_word' id='word_1_195' title='bbox 914 1923 973 1975; x_wconf 76' lang='grc'><strong>850.</strong></span> <span class='ocrx_word' id='word_1_196' title='bbox 993 1932 1018 1973; x_wconf 86' lang='lat' dir='ltr'><strong>et</strong></span> <span class='ocrx_word' id='word_1_197' title='bbox 1031 1923 1059 1971; x_wconf 91' lang='lat' dir='ltr'><strong>in</strong></span> <span class='ocrx_word' id='word_1_198' title='bbox 1078 1935 1134 1970; x_wconf 83' lang='lat' dir='ltr'><strong>ora-</strong></span> 
     </span>
     <span class='ocr_line' id='line_1_24' title="bbox 125 1980 1133 2058; baseline -0.003 -16"><span class='ocrx_word' id='word_1_199' title='bbox 125 1994 196 2044; x_wconf 87' lang='lat' dir='ltr'><strong>tione</strong></span> <span class='ocrx_word' id='word_1_200' title='bbox 219 1992 299 2042; x_wconf 86' lang='lat' dir='ltr'><strong>altera</strong></span> <span class='ocrx_word' id='word_1_201' title='bbox 322 1982 393 2040; x_wconf 83' lang='grc' dir='ltr'><strong><em>κατὰ</em></strong></span> <span class='ocrx_word' id='word_1_202' title='bbox 412 1980 533 2058; x_wconf 84' lang='grc' dir='ltr'><strong><em>Ἀφόβου</em></strong></span> <span class='ocrx_word' id='word_1_203' title='bbox 556 2006 584 2056; x_wconf 89' lang='lat' dir='ltr'><strong>p.</strong></span> <span class='ocrx_word' id='word_1_204' title='bbox 608 1989 669 2040; x_wconf 91' lang='grc'><strong>840.</strong></span> <span class='ocrx_word' id='word_1_205' title='bbox 713 1991 818 2041; x_wconf 84' lang='lat' dir='ltr'><strong>Fallitur</strong></span> <span class='ocrx_word' id='word_1_206' title='bbox 840 1992 960 2045; x_wconf 83' lang='lat' dir='ltr'><strong>Reishias</strong></span> <span class='ocrx_word' id='word_1_207' title='bbox 980 1993 1025 2055; x_wconf 89' lang='lat' dir='ltr'><strong>qui</strong></span> <span class='ocrx_word' id='word_1_208' title='bbox 1041 1989 1133 2040; x_wconf 91' lang='lat' dir='ltr'><strong>Demo·</strong></span> 
     </span>
     <span class='ocr_line' id='line_1_25' title="bbox 126 2059 1134 2124; baseline -0.002 -14"><span class='ocrx_word' id='word_1_209' title='bbox 126 2076 185 2112; x_wconf 90' lang='lat' dir='ltr'><strong>nem</strong></span> <span class='ocrx_word' id='word_1_210' title='bbox 202 2061 270 2111; x_wconf 86' lang='lat' dir='ltr'><strong>hunc</strong></span> <span class='ocrx_word' id='word_1_211' title='bbox 288 2059 395 2109; x_wconf 88' lang='lat' dir='ltr'><strong>eundem</strong></span> <span class='ocrx_word' id='word_1_212' title='bbox 413 2074 471 2110; x_wconf 87' lang='lat' dir='ltr'><strong>esse</strong></span> <span class='ocrx_word' id='word_1_213' title='bbox 488 2067 560 2124; x_wconf 85' lang='lat' dir='ltr'><strong>putat</strong></span> <span class='ocrx_word' id='word_1_214' title='bbox 581 2075 612 2108; x_wconf 88' lang='lat' dir='ltr'><strong>ao</strong></span> <span class='ocrx_word' id='word_1_215' title='bbox 633 2059 770 2110; x_wconf 80' lang='lat' dir='ltr'><strong>Damonem</strong></span> <span class='ocrx_word' id='word_1_216' title='bbox 794 2061 992 2123; x_wconf 62' lang='lat' dir='ltr'><strong>racenhusen,</strong></span> <span class='ocrx_word' id='word_1_217' title='bbox 1017 2059 1060 2110; x_wconf 89' lang='lat' dir='ltr'><strong>oui</strong></span> <span class='ocrx_word' id='word_1_218' title='bbox 1084 2059 1134 2109; x_wconf 82' lang='lat' dir='ltr'><strong>De·</strong></span> 
     </span>
     <span class='ocr_line' id='line_1_26' title="bbox 127 2127 1133 2194; baseline -0.004 -14"><span class='ocrx_word' id='word_1_219' title='bbox 127 2129 272 2180; x_wconf 82' lang='lat' dir='ltr'><strong>mosthenea</strong></span> <span class='ocrx_word' id='word_1_220' title='bbox 300 2129 439 2177; x_wconf 85' lang='lat' dir='ltr'><strong>orationem</strong></span> <span class='ocrx_word' id='word_1_221' title='bbox 460 2127 592 2192; x_wconf 77' lang='lat' dir='ltr'><strong>(XXXII.)</strong></span> <span class='ocrx_word' id='word_1_222' title='bbox 619 2128 742 2179; x_wconf 87' lang='lat' dir='ltr'><strong>adversus</strong></span> <span class='ocrx_word' id='word_1_223' title='bbox 764 2129 929 2180; x_wconf 86' lang='lat' dir='ltr'><strong>Zenothemin</strong></span> <span class='ocrx_word' id='word_1_224' title='bbox 956 2129 1075 2194; x_wconf 80' lang='lat' dir='ltr'><strong>scripsit,</strong></span> <span class='ocrx_word' id='word_1_225' title='bbox 1106 2128 1133 2177; x_wconf 85' lang='lat' dir='ltr'><strong>in</strong></span> 
     </span>
     <span class='ocr_line' id='line_1_27' title="bbox 127 2189 1132 2264; baseline -0.004 -16"><span class='ocrx_word' id='word_1_226' title='bbox 127 2213 178 2260; x_wconf 85' lang='lat' dir='ltr'><strong>qua</strong></span> <span class='ocrx_word' id='word_1_227' title='bbox 194 2197 377 2247; x_wconf 84' lang='lat' dir='ltr'><strong>Demosthenes</strong></span> <span class='ocrx_word' id='word_1_228' title='bbox 390 2196 497 2246; x_wconf 90' lang='lat' dir='ltr'><strong>Demoni</strong></span> <span class='ocrx_word' id='word_1_229' title='bbox 515 2191 620 2254; x_wconf 79' lang='grc' dir='ltr'><strong><em>οίκεῑος</em></strong></span> <span class='ocrx_word' id='word_1_230' title='bbox 638 2189 712 2261; x_wconf 79' lang='grc' dir='ltr'><strong><em>μένει</em></strong></span> <span class='ocrx_word' id='word_1_231' title='bbox 731 2212 788 2248; x_wconf 87' lang='lat' dir='ltr'><strong>esse</strong></span> <span class='ocrx_word' id='word_1_232' title='bbox 807 2198 899 2248; x_wconf 90' lang='lat' dir='ltr'><strong>dicitnr</strong></span> <span class='ocrx_word' id='word_1_233' title='bbox 917 2214 943 2264; x_wconf 91' lang='lat' dir='ltr'><strong>p.</strong></span> <span class='ocrx_word' id='word_1_234' title='bbox 964 2197 1024 2258; x_wconf 76' lang='lat' dir='ltr'><strong>BDQ.</strong></span> <span class='ocrx_word' id='word_1_235' title='bbox 1054 2195 1132 2256; x_wconf 83' lang='lat' dir='ltr'><strong>Quem</strong></span> 
     </span>
     <span class='ocr_line' id='line_1_28' title="bbox 126 2263 1132 2333; baseline -0.004 -16"><span class='ocrx_word' id='word_1_236' title='bbox 126 2267 265 2317; x_wconf 89' lang='lat' dir='ltr'><strong>Demonem</strong></span> <span class='ocrx_word' id='word_1_237' title='bbox 282 2265 375 2332; x_wconf 88' lang='lat' dir='ltr'><strong>prioris</strong></span> <span class='ocrx_word' id='word_1_238' title='bbox 394 2265 463 2316; x_wconf 89' lang='lat' dir='ltr'><strong>illius</strong></span> <span class='ocrx_word' id='word_1_239' title='bbox 480 2263 600 2315; x_wconf 89' lang='lat' dir='ltr'><strong>Demonis</strong></span> <span class='ocrx_word' id='word_1_240' title='bbox 618 2281 651 2315; x_wconf 87' lang='lat' dir='ltr'><strong>ex</strong></span> <span class='ocrx_word' id='word_1_241' title='bbox 668 2265 813 2316; x_wconf 88' lang='lat' dir='ltr'><strong>Demomele</strong></span> <span class='ocrx_word' id='word_1_242' title='bbox 831 2274 947 2333; x_wconf 87' lang='lat' dir='ltr'><strong>nepotem</strong></span> <span class='ocrx_word' id='word_1_243' title='bbox 966 2281 1023 2317; x_wconf 84' lang='lat' dir='ltr'><strong>esee</strong></span> <span class='ocrx_word' id='word_1_244' title='bbox 1039 2264 1132 2332; x_wconf 74' lang='lat' dir='ltr'><strong>proha-</strong></span> 
     </span>
    </p>
   </div>
   <div class='ocr_carea' id='block_1_6' title="bbox 35 2333 968 2400">
    <p class='ocr_par' dir='ltr' id='par_1_6' title="bbox 35 2333 968 2400">
     <span class='ocr_line' id='line_1_29' title="bbox 35 2333 968 2400; baseline 0.002 -15"><span class='ocrx_word' id='word_1_245' title='bbox 35 2359 40 2365; x_wconf 93' lang='lat'>·</span> <span class='ocrx_word' id='word_1_246' title='bbox 126 2336 213 2385; x_wconf 85' lang='lat' dir='ltr'><strong>hiliter</strong></span> <span class='ocrx_word' id='word_1_247' title='bbox 231 2335 339 2398; x_wconf 82' lang='lat' dir='ltr'><strong>conjecit</strong></span> <span class='ocrx_word' id='word_1_248' title='bbox 355 2334 500 2385; x_wconf 79' lang='lat' dir='ltr'><strong>Boeclrhius</strong></span> <span class='ocrx_word' id='word_1_249' title='bbox 518 2335 544 2382; x_wconf 89' lang='lat' dir='ltr'><strong>in</strong></span> <span class='ocrx_word' id='word_1_250' title='bbox 563 2333 637 2399; x_wconf 79' lang='lat' dir='ltr'><strong>(lorp.</strong></span> <span class='ocrx_word' id='word_1_251' title='bbox 658 2336 736 2385; x_wconf 86' lang='lat' dir='ltr'><strong>lusor.</strong></span> <span class='ocrx_word' id='word_1_252' title='bbox 751 2334 803 2386; x_wconf 87' lang='lat' dir='ltr'><strong>vol.</strong></span> <span class='ocrx_word' id='word_1_253' title='bbox 819 2335 844 2388; x_wconf 85' lang='lat'><strong>1.</strong></span> <span class='ocrx_word' id='word_1_254' title='bbox 865 2350 891 2400; x_wconf 89' lang='lat' dir='ltr'><strong>p.</strong></span> <span class='ocrx_word' id='word_1_255' title='bbox 908 2336 968 2388; x_wconf 83' lang='grc'><strong>465.</strong></span> 
     </span>
    </p>
   </div>
   <div class='ocr_carea' id='block_1_7' title="bbox 121 2391 1132 3481">
    <p class='ocr_par' dir='ltr' id='par_1_7' title="bbox 121 2391 1132 3481">
     <span class='ocr_line' id='line_1_30' title="bbox 194 2391 1132 2469; baseline -0.007 -14"><span class='ocrx_word' id='word_1_256' title='bbox 194 2403 222 2467; x_wconf 87' lang='lat' dir='ltr'><strong>a)</strong></span> <span class='ocrx_word' id='word_1_257' title='bbox 241 2406 304 2454; x_wconf 84' lang='lat' dir='ltr'><strong>Huic</strong></span> <span class='ocrx_word' id='word_1_258' title='bbox 317 2404 454 2454; x_wconf 89' lang='lat' dir='ltr'><strong>sententiae</strong></span> <span class='ocrx_word' id='word_1_259' title='bbox 469 2416 520 2452; x_wconf 89' lang='lat' dir='ltr'><strong>non</strong></span> <span class='ocrx_word' id='word_1_260' title='bbox 529 2411 671 2469; x_wconf 78' lang='lat' dir='ltr'><strong>repugnant</strong></span> <span class='ocrx_word' id='word_1_261' title='bbox 688 2405 792 2466; x_wconf 86' lang='lat' dir='ltr'><strong>quaein</strong></span> <span class='ocrx_word' id='word_1_262' title='bbox 806 2406 918 2454; x_wconf 81' lang='lat' dir='ltr'><strong>oratione</strong></span> <span class='ocrx_word' id='word_1_263' title='bbox 931 2393 1002 2467; x_wconf 82' lang='grc' dir='ltr'><strong><em>πρὸς</em></strong></span> <span class='ocrx_word' id='word_1_264' title='bbox 1008 2391 1132 2466; x_wconf 75' lang='grc' dir='ltr'><strong><em>’Ἄφοβον</em></strong></span> 
     </span>
     <span class='ocr_line' id='line_1_31' title="bbox 126 2462 1130 2538; baseline -0.009 -12"><span class='ocrx_word' id='word_1_265' title='bbox 126 2489 154 2538; x_wconf 89' lang='lat' dir='ltr'><strong>p.</strong></span> <span class='ocrx_word' id='word_1_266' title='bbox 172 2473 234 2526; x_wconf 80' lang='grc'><strong>848.</strong></span> <span class='ocrx_word' id='word_1_267' title='bbox 255 2474 321 2523; x_wconf 88' lang='lat' dir='ltr'><strong>dicta</strong></span> <span class='ocrx_word' id='word_1_268' title='bbox 334 2480 404 2530; x_wconf 83' lang='lat' dir='ltr'><strong>sunt,</strong></span> <span class='ocrx_word' id='word_1_269' title='bbox 423 2463 473 2536; x_wconf 75' lang='grc' dir='ltr'><strong>ἐγώ</strong></span> <span class='ocrx_word' id='word_1_270' title='bbox 486 2463 539 2534; x_wconf 75' lang='grc' dir='ltr'><strong>γάρ</strong></span> <span class='ocrx_word' id='word_1_271' title='bbox 550 2470 725 2536; x_wconf 73' lang='grc' dir='ltr'><strong><em>Δημοφῶντι</em></strong></span> <span class='ocrx_word' id='word_1_272' title='bbox 738 2467 786 2521; x_wconf 83' lang='grc' dir='ltr'><strong><em>κοιλ</em></strong></span> <span class='ocrx_word' id='word_1_273' title='bbox 799 2469 966 2537; x_wconf 80' lang='grc' dir='ltr'><strong><em>Θηριππίδῃ</em></strong></span> <span class='ocrx_word' id='word_1_274' title='bbox 977 2465 1028 2519; x_wconf 75' lang='grc' dir='ltr'><strong><em>καὶ</em></strong></span> <span class='ocrx_word' id='word_1_275' title='bbox 1039 2462 1130 2535; x_wconf 83' lang='grc' dir='ltr'><strong><em>τοάτφ</em></strong></span> 
     </span>
     <span class='ocr_line' id='line_1_32' title="bbox 127 2530 1132 2608; baseline -0.007 -16"><span class='ocrx_word' id='word_1_276' title='bbox 127 2541 265 2608; x_wconf 74' lang='grc' dir='ltr'><strong><em>(Αρλιοοο)</em></strong></span> <span class='ocrx_word' id='word_1_277' title='bbox 285 2539 365 2596; x_wconf 87' lang='grc' dir='ltr'><strong><em>δίκας</em></strong></span> <span class='ocrx_word' id='word_1_278' title='bbox 387 2535 489 2604; x_wconf 78' lang='grc' dir='ltr'><strong><em>ἔλαχον</em></strong></span> <span class='ocrx_word' id='word_1_279' title='bbox 510 2530 666 2604; x_wconf 73' lang='grc' dir='ltr'><strong><em>ἐπιτροπῆς</em></strong></span> <span class='ocrx_word' id='word_1_280' title='bbox 686 2532 895 2606; x_wconf 74' lang='grc' dir='ltr'><strong><em>ἀποστερηθείς</em></strong></span> <span class='ocrx_word' id='word_1_281' title='bbox 917 2531 1053 2590; x_wconf 78' lang='grc' dir='ltr'><strong><em>ἁπάντων</em></strong></span> <span class='ocrx_word' id='word_1_282' title='bbox 1075 2534 1132 2586; x_wconf 86' lang='grc' dir='ltr'><strong>τῶν</strong></span> 
     </span>
     <span class='ocr_line' id='line_1_33' title="bbox 126 2597 1131 2674; baseline -0.005 -14"><span class='ocrx_word' id='word_1_283' title='bbox 126 2605 228 2660; x_wconf 83' lang='grc' dir='ltr'><strong><em>ὄντων.</em></strong></span> <span class='ocrx_word' id='word_1_284' title='bbox 260 2606 412 2674; x_wconf 76' lang='grc' dir='ltr'><strong><em>γενομένης</em></strong></span> <span class='ocrx_word' id='word_1_285' title='bbox 429 2604 461 2656; x_wconf 79' lang='grc' dir='ltr'><strong><em>δέ</em></strong></span> <span class='ocrx_word' id='word_1_286' title='bbox 483 2621 531 2670; x_wconf 89' lang='grc' dir='ltr'><strong><em>μοι</em></strong></span> <span class='ocrx_word' id='word_1_287' title='bbox 553 2607 604 2670; x_wconf 85' lang='grc' dir='ltr'><strong>τῆς</strong></span> <span class='ocrx_word' id='word_1_288' title='bbox 621 2605 704 2671; x_wconf 86' lang='grc' dir='ltr'><strong><em>δίκης</em></strong></span> <span class='ocrx_word' id='word_1_289' title='bbox 721 2601 794 2669; x_wconf 86' lang='grc' dir='ltr'><strong><em>πρὸς</em></strong></span> <span class='ocrx_word' id='word_1_290' title='bbox 809 2607 913 2659; x_wconf 72' lang='grc' dir='ltr'><strong><em>τοῦτον</em></strong></span> <span class='ocrx_word' id='word_1_291' title='bbox 929 2604 1047 2672; x_wconf 80' lang='grc' dir='ltr'><strong><em>πρῶτον</em></strong></span> <span class='ocrx_word' id='word_1_292' title='bbox 1071 2597 1131 2655; x_wconf 65' lang='lat' dir='ltr'><strong>iai·</strong></span> 
     </span>
     <span class='ocr_line' id='line_1_34' title="bbox 126 2663 1131 2755; baseline -0.006 -27"><span class='ocrx_word' id='word_1_293' title='bbox 126 2675 205 2738; x_wconf 79' lang='grc' dir='ltr'><strong><em>δειξα</em></strong></span> <span class='ocrx_word' id='word_1_294' title='bbox 223 2675 320 2740; x_wconf 89' lang='grc' dir='ltr'><strong><em>σαφῶς</em></strong></span> <span class='ocrx_word' id='word_1_295' title='bbox 332 2677 392 2731; x_wconf 85' lang='grc' dir='ltr'><strong><em>τοῖς</em></strong></span> <span class='ocrx_word' id='word_1_296' title='bbox 406 2667 579 2755; x_wconf 62' lang='grc' dir='ltr'><strong><em>δικάζουσιν,</em></strong></span> <span class='ocrx_word' id='word_1_297' title='bbox 596 2663 689 2738; x_wconf 76' lang='grc' dir='ltr'><strong><em>ῶσπερ</em></strong></span> <span class='ocrx_word' id='word_1_298' title='bbox 709 2669 778 2737; x_wconf 77' lang='grc' dir='ltr'><strong><em>ὑμῖν</em></strong></span> <span class='ocrx_word' id='word_1_299' title='bbox 793 2669 938 2742; x_wconf 74' lang='grc' dir='ltr'><strong><em>ἐπιδείξω,</em></strong></span> <span class='ocrx_word' id='word_1_300' title='bbox 963 2665 1058 2725; x_wconf 72' lang='grc' dir='ltr'><strong><em>πάνθ’</em></strong></span> <span class='ocrx_word' id='word_1_301' title='bbox 1078 2663 1131 2723; x_wconf 77' lang='grc' dir='ltr'><strong><em>ὅσα</em></strong></span> 
     </span>
     <span class='ocr_line' id='line_1_35' title="bbox 124 2734 1129 2822; baseline -0.004 -27"><span class='ocrx_word' id='word_1_302' title='bbox 124 2738 194 2811; x_wconf 80' lang='grc' dir='ltr'><strong><em>ἡμῖν</em></strong></span> <span class='ocrx_word' id='word_1_303' title='bbox 212 2741 384 2806; x_wconf 80' lang='grc' dir='ltr'><strong><em>κατελείφθη</em></strong></span> <span class='ocrx_word' id='word_1_304' title='bbox 414 2736 542 2822; x_wconf 70' lang='grc' dir='ltr'><strong><em>χρήματα</em></strong></span> <span class='ocrx_word' id='word_1_305' title='bbox 563 2741 772 2807; x_wconf 84' lang='grc' dir='ltr'><strong><em>απεστερηκότα</em></strong></span> <span class='ocrx_word' id='word_1_306' title='bbox 793 2743 897 2794; x_wconf 80' lang='grc' dir='ltr'><strong><em>τοῦτον</em></strong></span> <span class='ocrx_word' id='word_1_307' title='bbox 920 2735 979 2809; x_wconf 85' lang='grc' dir='ltr'><strong><em>μετ’</em></strong></span> <span class='ocrx_word' id='word_1_308' title='bbox 1002 2734 1129 2805; x_wconf 69' lang='grc' dir='ltr'><strong>Ιἐκείνων,</strong></span> 
     </span>
     <span class='ocr_line' id='line_1_36' title="bbox 126 2805 1130 2879; baseline -0.002 -17"><span class='ocrx_word' id='word_1_309' title='bbox 126 2805 161 2864; x_wconf 72' lang='lat' dir='ltr'><strong>ori</strong></span> <span class='ocrx_word' id='word_1_310' title='bbox 183 2808 605 2876; x_wconf 76' lang='grc' dir='ltr'><strong><em>καταψευδομαρτυρησάμενος.</em></strong></span> <span class='ocrx_word' id='word_1_311' title='bbox 642 2814 672 2862; x_wconf 79' lang='lat' dir='ltr'><strong>Et</strong></span> <span class='ocrx_word' id='word_1_312' title='bbox 692 2813 762 2863; x_wconf 86' lang='lat' dir='ltr'><strong>solus</strong></span> <span class='ocrx_word' id='word_1_313' title='bbox 780 2814 903 2879; x_wconf 81' lang='lat' dir='ltr'><strong>Aphobus</strong></span> <span class='ocrx_word' id='word_1_314' title='bbox 922 2814 1010 2864; x_wconf 86' lang='lat' dir='ltr'><strong>decern</strong></span> <span class='ocrx_word' id='word_1_315' title='bbox 1027 2810 1130 2861; x_wconf 80' lang='lat' dir='ltr'><strong>talentis</strong></span> 
     </span>
     <span class='ocr_line' id='line_1_37' title="bbox 125 2879 1130 2947; baseline -0.004 -15"><span class='ocrx_word' id='word_1_316' title='bbox 125 2881 246 2933; x_wconf 84' lang='lat' dir='ltr'><strong>multatus</strong></span> <span class='ocrx_word' id='word_1_317' title='bbox 257 2888 409 2930; x_wconf 87' lang='lat' dir='ltr'><strong>memoratur</strong></span> <span class='ocrx_word' id='word_1_318' title='bbox 426 2881 452 2928; x_wconf 88' lang='lat' dir='ltr'><strong>iu</strong></span> <span class='ocrx_word' id='word_1_319' title='bbox 470 2879 518 2928; x_wconf 85' lang='lat' dir='ltr'><strong>flue</strong></span> <span class='ocrx_word' id='word_1_320' title='bbox 528 2881 659 2940; x_wconf 88' lang='lat' dir='ltr'><strong>orationis,</strong></span> <span class='ocrx_word' id='word_1_321' title='bbox 677 2889 772 2930; x_wconf 86' lang='lat' dir='ltr'><strong>tacetur</strong></span> <span class='ocrx_word' id='word_1_322' title='bbox 788 2884 820 2932; x_wconf 89' lang='lat' dir='ltr'><strong>de</strong></span> <span class='ocrx_word' id='word_1_323' title='bbox 832 2882 1008 2947; x_wconf 88' lang='lat' dir='ltr'><strong>Demophonte</strong></span> <span class='ocrx_word' id='word_1_324' title='bbox 1026 2887 1051 2930; x_wconf 85' lang='lat' dir='ltr'><strong>et</strong></span> <span class='ocrx_word' id='word_1_325' title='bbox 1065 2880 1130 2930; x_wconf 86' lang='lat' dir='ltr'><strong>The·</strong></span> 
     </span>
     <span class='ocr_line' id='line_1_38' title="bbox 125 2949 1130 3017; baseline -0.001 -18"><span class='ocrx_word' id='word_1_326' title='bbox 125 2951 241 3017; x_wconf 86' lang='lat' dir='ltr'><strong>rippide‚</strong></span> <span class='ocrx_word' id='word_1_327' title='bbox 266 2964 321 2999; x_wconf 87' lang='lat' dir='ltr'><strong>oum</strong></span> <span class='ocrx_word' id='word_1_328' title='bbox 345 2949 437 3011; x_wconf 84' lang='lat' dir='ltr'><strong>quibus</strong></span> <span class='ocrx_word' id='word_1_329' title='bbox 467 2959 550 2997; x_wconf 84' lang='lat' dir='ltr'><strong>utrum</strong></span> <span class='ocrx_word' id='word_1_330' title='bbox 574 2949 693 3013; x_wconf 85' lang='lat' dir='ltr'><strong>privatim</strong></span> <span class='ocrx_word' id='word_1_331' title='bbox 718 2953 870 3016; x_wconf 78' lang='lat' dir='ltr'><strong>transegerit</strong></span> <span class='ocrx_word' id='word_1_332' title='bbox 891 2950 1076 3001; x_wconf 79' lang='lat' dir='ltr'><strong>Demosthenes</strong></span> <span class='ocrx_word' id='word_1_333' title='bbox 1107 2953 1130 2998; x_wconf 82' lang='lat' dir='ltr'><strong>et</strong></span> 
     </span>
     <span class='ocr_line' id='line_1_39' title="bbox 125 3017 1128 3086; baseline -0.007 -17"><span class='ocrx_word' id='word_1_334' title='bbox 125 3027 223 3086; x_wconf 82' lang='lat' dir='ltr'><strong>partem</strong></span> <span class='ocrx_word' id='word_1_335' title='bbox 233 3017 341 3079; x_wconf 86' lang='lat' dir='ltr'><strong>aliquam</strong></span> <span class='ocrx_word' id='word_1_336' title='bbox 362 3019 524 3082; x_wconf 83' lang='lat' dir='ltr'><strong>pecuniarum</strong></span> <span class='ocrx_word' id='word_1_337' title='bbox 537 3032 639 3067; x_wconf 85' lang='lat' dir='ltr'><strong>suarum</strong></span> <span class='ocrx_word' id='word_1_338' title='bbox 651 3021 838 3084; x_wconf 79' lang='lat' dir='ltr'><strong>recuperaverit</strong></span> <span class='ocrx_word' id='word_1_339' title='bbox 853 3035 886 3069; x_wconf 88' lang='lat' dir='ltr'><strong>an</strong></span> <span class='ocrx_word' id='word_1_340' title='bbox 907 3034 965 3083; x_wconf 87' lang='lat' dir='ltr'><strong>nnn,</strong></span> <span class='ocrx_word' id='word_1_341' title='bbox 992 3019 1128 3077; x_wconf 83' lang='lat' dir='ltr'><strong>nescimus.</strong></span> 
     </span>
     <span class='ocr_line' id='line_1_40' title="bbox 124 3085 1130 3154; baseline -0.003 -17"><span class='ocrx_word' id='word_1_342' title='bbox 124 3088 227 3138; x_wconf 87' lang='lat' dir='ltr'><strong>Postero</strong></span> <span class='ocrx_word' id='word_1_343' title='bbox 247 3094 330 3135; x_wconf 86' lang='lat' dir='ltr'><strong>tamen</strong></span> <span class='ocrx_word' id='word_1_344' title='bbox 350 3094 463 3150; x_wconf 86' lang='lat' dir='ltr'><strong>tempore</strong></span> <span class='ocrx_word' id='word_1_345' title='bbox 482 3085 677 3137; x_wconf 87' lang='lat' dir='ltr'><strong>Demosthenem</strong></span> <span class='ocrx_word' id='word_1_346' title='bbox 692 3103 745 3137; x_wconf 91' lang='lat' dir='ltr'><strong>rem</strong></span> <span class='ocrx_word' id='word_1_347' title='bbox 761 3088 912 3139; x_wconf 81' lang='lat' dir='ltr'><strong>familiarem</strong></span> <span class='ocrx_word' id='word_1_348' title='bbox 934 3101 1058 3154; x_wconf 86' lang='lat' dir='ltr'><strong>prospero</strong></span> <span class='ocrx_word' id='word_1_349' title='bbox 1074 3100 1130 3136; x_wconf 87' lang='lat' dir='ltr'><strong>suc-</strong></span> 
     </span>
     <span class='ocr_line' id='line_1_41' title="bbox 125 3155 1131 3224; baseline -0.002 -18"><span class='ocrx_word' id='word_1_350' title='bbox 125 3171 199 3206; x_wconf 85' lang='lat' dir='ltr'><strong>cessu</strong></span> <span class='ocrx_word' id='word_1_351' title='bbox 220 3167 351 3219; x_wconf 86' lang='lat' dir='ltr'><strong>reparasse</strong></span> <span class='ocrx_word' id='word_1_352' title='bbox 372 3155 534 3203; x_wconf 80' lang='lat' dir='ltr'><strong>manifestum</strong></span> <span class='ocrx_word' id='word_1_353' title='bbox 557 3162 607 3214; x_wconf 83' lang='lat' dir='ltr'><strong>est,</strong></span> <span class='ocrx_word' id='word_1_354' title='bbox 632 3171 708 3216; x_wconf 87' lang='lat' dir='ltr'><strong>quum</strong></span> <span class='ocrx_word' id='word_1_355' title='bbox 733 3157 842 3221; x_wconf 74' lang='lat' dir='ltr'><strong>grandes</strong></span> <span class='ocrx_word' id='word_1_356' title='bbox 869 3158 994 3224; x_wconf 87' lang='lat' dir='ltr'><strong>pecuniae</strong></span> <span class='ocrx_word' id='word_1_357' title='bbox 1017 3169 1131 3205; x_wconf 89' lang='lat' dir='ltr'><strong>summas</strong></span> 
     </span>
     <span class='ocr_line' id='line_1_42' title="bbox 123 3222 1130 3290; baseline -0.002 -16"><span class='ocrx_word' id='word_1_358' title='bbox 123 3225 151 3274; x_wconf 88' lang='lat' dir='ltr'><strong>iu</strong></span> <span class='ocrx_word' id='word_1_359' title='bbox 161 3224 276 3290; x_wconf 88' lang='lat' dir='ltr'><strong>publicos</strong></span> <span class='ocrx_word' id='word_1_360' title='bbox 292 3236 354 3271; x_wconf 82' lang='lat' dir='ltr'><strong>usus</strong></span> <span class='ocrx_word' id='word_1_361' title='bbox 369 3222 506 3272; x_wconf 88' lang='lat' dir='ltr'><strong>liberaliter</strong></span> <span class='ocrx_word' id='word_1_362' title='bbox 518 3223 684 3288; x_wconf 86' lang='lat' dir='ltr'><strong>impenderit,</strong></span> <span class='ocrx_word' id='word_1_363' title='bbox 707 3239 769 3286; x_wconf 86' lang='lat' dir='ltr'><strong>quas</strong></span> <span class='ocrx_word' id='word_1_364' title='bbox 787 3227 943 3276; x_wconf 89' lang='lat' dir='ltr'><strong>enumeravit</strong></span> <span class='ocrx_word' id='word_1_365' title='bbox 958 3223 1130 3275; x_wconf 88' lang='lat' dir='ltr'><strong>Demochares</strong></span> 
     </span>
     <span class='ocr_line' id='line_1_43' title="bbox 123 3291 1129 3361; baseline -0.002 -19"><span class='ocrx_word' id='word_1_366' title='bbox 123 3293 151 3342; x_wconf 90' lang='lat' dir='ltr'><strong>in</strong></span> <span class='ocrx_word' id='word_1_367' title='bbox 175 3292 358 3357; x_wconf 87' lang='lat' dir='ltr'><strong>psephismate,</strong></span> <span class='ocrx_word' id='word_1_368' title='bbox 385 3291 453 3354; x_wconf 89' lang='lat' dir='ltr'><strong>qnod</strong></span> <span class='ocrx_word' id='word_1_369' title='bbox 476 3292 523 3341; x_wconf 89' lang='lat' dir='ltr'><strong>snb</strong></span> <span class='ocrx_word' id='word_1_370' title='bbox 546 3293 641 3358; x_wconf 78' lang='lat' dir='ltr'><strong>olymp.</strong></span> <span class='ocrx_word' id='word_1_371' title='bbox 669 3293 726 3342; x_wconf 89' lang='grc'><strong>114.</strong></span> <span class='ocrx_word' id='word_1_372' title='bbox 746 3294 771 3347; x_wconf 87' lang='lat'><strong>3.</strong></span> <span class='ocrx_word' id='word_1_373' title='bbox 795 3309 968 3361; x_wconf 84' lang='lat' dir='ltr'><strong>apponemus,</strong></span> <span class='ocrx_word' id='word_1_374' title='bbox 991 3301 1015 3344; x_wconf 93' lang='lat' dir='ltr'><strong>et</strong></span> <span class='ocrx_word' id='word_1_375' title='bbox 1036 3293 1129 3358; x_wconf 87' lang='lat' dir='ltr'><strong>partim</strong></span> 
     </span>
     <span class='ocr_line' id='line_1_44' title="bbox 123 3361 1130 3429; baseline -0.002 -19"><span class='ocrx_word' id='word_1_376' title='bbox 123 3361 304 3412; x_wconf 89' lang='lat' dir='ltr'><strong>Demosthenes</strong></span> <span class='ocrx_word' id='word_1_377' title='bbox 322 3361 420 3423; x_wconf 88' lang='lat' dir='ltr'><strong>ipsein</strong></span> <span class='ocrx_word' id='word_1_378' title='bbox 440 3361 595 3412; x_wconf 87' lang='lat' dir='ltr'><strong>orationibus</strong></span> <span class='ocrx_word' id='word_1_379' title='bbox 614 3368 700 3411; x_wconf 86' lang='lat' dir='ltr'><strong>contra</strong></span> <span class='ocrx_word' id='word_1_380' title='bbox 719 3361 830 3426; x_wconf 85' lang='lat' dir='ltr'><strong>Midinm‚</strong></span> <span class='ocrx_word' id='word_1_381' title='bbox 849 3379 895 3429; x_wconf 88' lang='lat' dir='ltr'><strong>pro</strong></span> <span class='ocrx_word' id='word_1_382' title='bbox 909 3376 1005 3413; x_wconf 86' lang='lat' dir='ltr'><strong>corona</strong></span> <span class='ocrx_word' id='word_1_383' title='bbox 1022 3361 1130 3424; x_wconf 86' lang='lat' dir='ltr'><strong>aliisque</strong></span> 
     </span>
     <span class='ocr_line' id='line_1_45' title="bbox 121 3430 892 3481; baseline 0.001 -3"><span class='ocrx_word' id='word_1_384' title='bbox 121 3431 279 3481; x_wconf 73' lang='lat' dir='ltr'><strong>memoravit.</strong></span> <span class='ocrx_word' id='word_1_385' title='bbox 888 3430 892 3447; x_wconf 88' lang='lat'>¹</span> 
     </span>
    </p>
   </div>
   <div class='ocr_carea' id='block_1_8' title="bbox 0 0 1174 3894">
    <p class='ocr_par' dir='ltr' id='par_1_8' title="bbox 0 0 1174 3894">
     <span class='ocr_line' id='line_1_46' title="bbox 0 0 1174 3894; baseline 0 1"><span class='ocrx_word' id='word_1_386' title='bbox 0 0 1174 3894; x_wconf 95' lang='lat' dir='ltr'><strong> </strong></span> 
     </span>
    </p>
   </div>
  </div>
 </body>
</html>
