2340 3894
293 234 437 301 RATA
457 238 728 303 QIAfflflor
745 244 787 301 Δ.
957 239 1016 304 117

19 397 196 489 19ᾐτιάντ’
217 396 262 468 ἀν
278 397 382 469 αὐτὸν
392 403 592 482 Καρδιανοῖς
608 403 867 485 βεβοηθηκέναι;
889 398 933 487 μὴ
950 408 1022 470 τοί-

60 524 129 565 νυν
140 503 263 584 ζητεῖτε
275 496 389 565 ὅντινα
400 495 482 564 ἀνθ’
497 489 546 564 ἀν
557 503 719 575 Φίλιππος
735 500 949 583 ἐξαμαρτάνει
966 528 1020 587 μι-

62 595 182 681 σήσετε
196 596 254 662 καὶ
270 609 338 673 τοῖς
355 592 433 682 παρ’
454 598 583 662 ἐκείνου
601 601 826 680 μισθαρνοῦσι
837 598 1021 665 διασπάσα-

61 702 146 760 σθαι
161 700 396 779 παραβαλεῖτε·
418 691 493 779 μηδ’
515 690 609 760 αὐτοὶ
625 693 910 778 χειροτονήσαντες
921 695 1021 762 πόλε-

61 817 125 876 μον
141 789 311 877 βούλεσθε
328 788 406 874 παρ’
428 789 540 867 αὐτοῖς
557 788 637 875 ὑμῖν
653 793 784 875 ἐρίζειν,
808 795 838 857 εί
854 789 1019 879 δέονῆμη

61 890 142 964 δέον
158 885 247 972 ῦμάς
262 896 361 955 τοῦτο
378 892 605 973 πεποιηκέναι·
629 884 703 954 ἀλλ’
720 885 761 954 δν
778 889 903 967 ἐκεῖνος
919 898 1020 957 πολε-

60 987 270 1072 μεττρόπον,
292 994 413 1054 τοῦτον
441 995 611 1071 μιμεῖσθε,
632 1001 702 1065 τοῖς
720 987 781 1071 μέν
797 983 1019 1073 ἀμυνομένοις

59 1083 125 1170 ἤδη
136 1084 287 1172 χρήματα
307 1087 363 1154 καὶ
379 1084 482 1153 τάλλα
501 1085 592 1153 ὅσων
610 1078 738 1152 δέονται
773 1085 935 1174 διδόντες,
955 1084 1018 1154 αῦ-

59 1184 112 1250 τοδ
122 1179 157 1248 δ’
171 1176 439 1270 ελσφέροντες,«ά
450 1183 570 1266 ἀνδρες
576 1180 757 1274 Ἀθηναῖοι,
769 1186 823 1250 καὶ
834 1205 1017 1266 κατασκευ-
1096 1264 1099 1271 Ι
1140 1242 1143 1250 ,

60 1279 216 1367 αζόμενοι
227 1279 429 1366 στράτευμα,
445 1279 588 1366 τριήρεις
599 1285 741 1364 ταχείας,
759 1285 897 1365 ἵππους,
916 1287 1018 1348 ίππα-

23 1373 211 1463 οργωγοῦς,
233 1375 337 1445 τάλλα
354 1376 417 1445 ὅσα
436 1385 481 1455 είς
499 1377 660 1462 πόλεμον,
684 1379 753 1444 ἐπεὶ
773 1384 838 1444 νῦν
859 1403 895 1461 γε
917 1385 1018 1462 γέλως

61 1474 138 1544 ἔσθ’
154 1473 200 1555 ἀς
209 1479 366 1562 χρώμεθα
376 1490 443 1554 τοῖς
453 1477 637 1561 πράγμασι,
659 1477 714 1542 καὶ
725 1480 891 1542 Φίλιππον
909 1474 939 1542 δ’
955 1474 1018 1542 αά-

60 1570 121 1642 τδν
131 1571 235 1642 οὐδὲν
249 1571 293 1641 ἀν
309 1575 390 1642 ἀλλο
408 1573 499 1662 οἶμαι
514 1573 559 1660 μά
570 1574 648 1652 τοῦς
659 1571 761 1652 θεοὺς
773 1567 932 1654 εὔξασθαι
943 1599 1019 1641 ποι-

61 1685 109 1741 είν
119 1671 186 1759 την
196 1672 295 1742 πόλιν
303 1669 327 1759 η’
336 1681 440 1740 ταῦτα
462 1669 484 1739 ά
494 1680 560 1740 νῦν
571 1685 707 1740 ποιεῖτε·
730 1671 921 1759 ὑστερίζετε,
935 1671 1017 1740 ἀνα-

60 1781 207 1856 λίσκετε,
218 1769 285 1860 ὅτῳ
297 1772 510 1858 παραδώσετε
520 1772 560 1840 τά
574 1772 747 1860 πράγματα
758 1779 887 1861 ζητεῖτε,
900 1778 1018 1860 δυσχε-

60 1875 210 1956 ραίνετε,
221 1867 386 1956 ἀλλήλους
397 1878 555 1940 αἰτιᾶσθε.
586 1869 646 1958 ἀφ’
660 1865 703 1939 οῦ
714 1875 748 1941 δὲ
759 1880 863 1940 ταῦτα
874 1879 1018 1959 γίγνεται

26 1989 52 2041 21
61 1967 126 2053 ἐγω
137 1967 279 2055 διδάξω,
301 1972 357 2038 καὶ
369 1969 458 2049 ὅπως
469 1971 628 2037 παύσεται
639 1972 728 2051 λέξω.
763 1970 863 2038 οὐδὲν
873 1970 1015 2056 πάποτε,
1029 1991 1079 2046 137

63 2056 416 2153 ἀάνδρεςἏθηναίοι,
436 2076 505 2136 τῶν
516 2069 718 2154 πραγμάτων
728 2073 760 2148 ἐξ
771 2068 871 2155 ἀρχῆς
884 2070 1016 2156 ἐνεστη-

53 2174 171 2233 σασθε
181 2161 262 2232 οὐδὲ
272 2167 560 2234 κατεσκευάσασθε
572 2165 701 2249 ὀρθῶς,
723 2164 806 2233 ἀλλά
825 2165 862 2233 τὸ
875 2175 1017 2254 συμβαί-

62 2288 123 2333 νον
139 2262 194 2331 ἀεὶ
215 2263 365 2348 διάκετε,
387 2263 443 2332 εἶτ’
468 2263 602 2331 ἐπειδάν
623 2261 829 2347 ὑστερίσητε,
851 2264 1016 2329 παύεσθε·

61 2364 176 2448 ἕτερον
189 2359 291 2428 πάλιν
301 2358 344 2429 ἀν
355 2369 465 2449 συμβῇ
475 2389 522 2446 τι,
544 2360 834 2446 παρασκευάζεσθε
844 2362 900 2426 καὶ
910 2369 1019 2442 θορν-

27 2468 188 2548 λλβεῖσθε.
220 2458 259 2528 τδ
280 2459 311 2526 δ’
335 2459 396 2548 οὐχ
413 2460 520 2538 οὕτως
538 2464 616 2544 ἔχει·
639 2457 702 2525 οὐκ
722 2462 825 2524 ἔνεστι
849 2461 1020 2544 βοηθείαις

61 2563 254 2648 χρωμένους
263 2558 365 2629 οῦδὲν
374 2568 443 2628 τῶν
454 2559 600 2628 δεόντων
611 2557 688 2624 ποτὲ
698 2559 834 2642 πρᾶξαι,
857 2552 939 2624 ἀλλά
958 2582 1019 2622 κα-

43 2690 45 2695 ’
62 2659 331 2738 τασκευάσαντας
343 2664 396 2727 δελ
402 2659 562 2744 δύναμιν,
584 2658 638 2723 καὶ
655 2652 786 2771 τρομην
799 2653 906 2742 ταύτῃ
923 2660 1019 2739 πορί-

62 2778 184 2839 ταυτας
195 2762 251 2827 καί
260 2765 377 2844 ταμίας
387 2784 442 2825 και
431 2759 641 2842 δημοσίους,
653 2749 738 2820 καὶ”
719 2775 808 2831 οπως
821 2751 914 2819 έυι
878 2779 939 2838 την
949 2777 1018 2818 των

60 2859 239 2947 χρημάτων
249 2856 405 2977 φμλακην
415 2853 654 2942 ἀκριβεστάτην
663 2848 888 2936 γενέσθαι,“
845 2875 931 2917 ουτω
943 2874 1019 2916 ποι-

53 2952 281 3044 ἠσαντὰς,
244 2982 306 3023 τον
324 2955 385 3041 μέν
402 2980 470 3022 των
486 2952 664 3039 χρημάτων
677 2950 780 3036 λόγον
792 2947 879 3031 παρά
890 2946 1018 3015 τούτων

62 3055 263 3142 λαμβάνειν,
285 3050 348 3120 τδν
369 3051 406 3119 δέ
422 3060 490 3118 των
507 3055 613 3134 ἔργων
631 3047 721 3134 παρά
737 3055 799 3116 τοῦ
821 3053 1016 3166 στρατηγοῦ,

63 3156 116 3221 καὶ
131 3157 300 3240 μηδεμίαν
316 3151 487 3237 πρόφασιν
503 3174 564 3215 τον
551 3155 676 3214 πλεῖν
689 3145 812 3213 ἀλλοσε
827 3172 846 3229 η
864 3144 1019 3230 πράττειν

31 3250 141 3320 nmo
158 3277 193 3319 τι
210 3256 257 3341 τῷ
272 3255 446 3336 στρατηγῷ
461 3255 677 3315 καταλείπειν.
707 3240 750 3311 ἀν
767 3241 797 3310 δ’
819 3241 907 3309 οὕτω
923 3263 1017 3323 ποιη-
1102 3239 1105 3247 ’

64 3369 149 3437 σητε
155 3349 215 3418 καὶ
231 3356 311 3417 τοῦτ
314 3343 562 3434 ’ἐθελήσητε’
539 3372 583 3423 ως
598 3343 750 3430 ἀληθως,
772 3340 866 3425 άγειν
881 3335 1018 3458 εἰρήνην

66 3450 198 3516 δικαίαν
213 3448 270 3513 aaz
285 3447 400 3531 μένειν
417 3446 470 3514 ἐπὶ
485 3470 543 3533 της
559 3440 665 3512 αὑτοῦ
682 3446 849 3510 Φίλιππον
870 3432 1018 3519 ἀναγκά-
