2340 3894
110 230 115 239 ·
158 207 287 268 ΠΕΡΙ
317 205 425 269 ΤΗΣ
449 206 914 286 ΠΑΡΑΠΡΕΣΒΕΙΑΣ.
952 206 1019 270 349

58 363 213 452 ήητόρων
233 365 313 435 οὐδὲ
329 367 439 451 λόγων
456 373 566 452 κρίσιν
582 362 671 461 ὑμᾶς
687 366 847 453 τήμερον,
870 376 961 453 εἰπερ
980 361 1020 435 εὖ

57 479 227 551 φρονεῖτε,
239 466 400 552 προσήκει
409 479 532 552 ποιεῖν,
545 462 618 533 ἀλλ’
633 461 717 549 ὑπὲρ
729 465 933 550 πραγμάτων
944 471 1020 535 αἰσ-

58 571 148 650 χρούς
159 564 214 630 καὶ
225 567 343 643 δεινώς
354 561 578 633 ἀπολωλότων
588 561 650 649 τήν
667 560 885 650 ὑπάρχουσαν
904 567 1021 651 αἰσχύ-

59 689 126 748 νην
143 668 189 741 εἰς
204 662 285 740 τοὺς
301 667 425 741 αἰτίους
443 660 663 747 ἀπώσασθαι,
684 658 725 729 τὰ
743 662 975 748 πεπραγμένα,
998 661 1021 729 δι’
1048 682 1051 687 ’

60 760 184 838 πάντες
193 763 388 847 ἐπίστασθε,
407 761 630 841 ἐξετάσαντας.
662 768 696 829 τί
705 754 769 830 ούυ
781 765 850 829 ἐστι
859 769 982 843 τούτοις
997 759 1021 829 δι’

10 877 53 932 :18
61 857 157 946 ὑμεῖς
173 868 242 927 ἰστε
258 862 314 928 καὶ
324 857 366 927 ού
376 859 457 947 παρ’
468 858 564 946 ἡμῶν
575 858 662 947 ὑμᾶς
672 859 815 929 ἀκούσαι
826 865 882 930 δεῖ.
920 867 950 930 εἰ
959 861 1030 948 μὲν

60 956 127 1045 γὰρ
139 955 281 1042 ἅπανθ’,
303 956 358 1025 δυ’
370 957 555 1045 ὑπέσχονθ’
568 957 665 1047 ύμῖν,
686 964 723 1029 ἐκ
739 970 798 1047 τῆς
813 962 948 1047 εἰρήνης
962 964 1021 1046 γέ-

60 1057 228 1144 γονε,καλ
237 1058 399 1144 τοσαύτης
410 1056 590 1146 ἀνανδρίας
601 1062 656 1128 καί
667 1067 782 1138 κακίας
792 1057 886 1146 ὑμεῖς
897 1058 1021 1144 ὁμολο-

61 1169 150 1243 γεῖτε
162 1154 245 1222 εἰναι
256 1157 368 1241 μεστοί
384 1154 469 1223 ώστε
485 1155 563 1244 μήτ’
574 1160 611 1225 έν
622 1164 662 1244 τή
672 1159 764 1246 χώρᾳ
774 1167 843 1226 τών
853 1164 1020 1243 πολεμίων
1116 1170 1119 1179 ’

62 1253 173 1325 ὅντων
184 1253 261 1340 μήτ’
273 1258 310 1324 ἐκ
321 1256 487 1341 θαλάττης
498 1257 775 1343 πολιορκούμενοι
784 1255 860 1343 μήτ’
876 1261 914 1326 έν
930 1258 1020 1346 ἄλλῳ

63 1355 182 1439 μηδενί
192 1359 291 1444 δεινῷ
301 1363 358 1441 τῆς
369 1355 498 1434 πόλεως
509 1354 628 1442 οὔσης,
649 1353 734 1424 ἄλλα
751 1357 807 1423 καί
825 1370 917 1423 σῖτον
934 1354 1085 1429 effa-409

63 1478 128 1520 νου
146 1448 332 1538 ώνούμενοι
348 1457 404 1521 καλ
420 1453 523 1522 τᾶλλα
539 1452 641 1523 οὐδὲν
657 1469 768 1540 χεῖρον
784 1453 1022 1540 πράττοντεςή
1081 1531 1087 1540 ἱ
1135 1511 1140 1520 ε

10 1569 54 1625 ι19
62 1558 148 1634 νύν,
169 1552 359 1637 προειδότες
380 1553 436 1620 καί
453 1553 698 1640 προακηκοότες
715 1553 805 1640 παρὰ
822 1554 951 1621 τούτων
967 1557 1023 1623 καὶ

61 1646 144 1728 τούς
154 1650 348 1737 συμμάχους
358 1649 609 1738 ἀπολουμένους
620 1655 676 1720 καὶ
687 1659 854 1739 Θηβαίους
865 1652 1024 1738 ἰσχυρούς

62 1750 309 1835 γενησομένους
325 1751 380 1818 καὶ
395 1749 475 1819 τάπὶ
491 1751 625 1838 Θρᾴκης
642 1748 809 1820 Φίλιππον
829 1748 1023 1868 ληγόμενον

62 1850 122 1918 καλ
149 1853 186 1917 ἐν
205 1846 336 1938 Εὐβοίᾳ
357 1849 739 1937 κατασκευασθήσόμευα
761 1847 943 1936 ὁρμητήρια
964 1845 1021 1934 ἐφ’
1034 1854 1038 1858 ’

62 1974 151 2033 υμας
161 1973 217 2015 και
205 1945 333 2015 πανθ
345 1945 563 2034 απέπρακται
572 1949 835 2038 γενησομενα,
820 1947 935 2017 ἰτα
899 1975 961 2035 την
972 1953 1022 2016 εἰ-

63 2047 172 2132 ρήνην
188 2045 431 2168 ἐποιήσασθε’
412 2057 604 2168 αγαπητώς,
626 2047 936 2135 ἀπογηφίσασθεΑ
936 2052 1022 2133 ἰσχί-

62 2170 144 2230 νου,
166 2148 222 2214 καί
242 2143 286 2231 μή
310 2143 393 2231 πρὸς
412 2148 584 2266 τοσούτοις
605 2154 751 2232 αἰσχροῖς
771 2149 827 2215 καί
849 2151 1022 2231 ἐπιορκίαν

62 2244 336 2331 προσκτήσησθε·
359 2242 511 2312 οὐδέν
471 2270 536 2330 γαρ
548 2243 635 2329 ὑμᾶς
647 2241 769 2328 ἀδικεῖ,
782 2239 856 2311 ἀλλ’
869 2240 933 2326 ἐγώ
944 2250 1023 2327 μαί-

10 2363 167 2466 Ικθνομαι
186 2347 243 2412 καί
262 2345 465 2462 τετύφωμαι.
479 2352 546 2411 νύν
567 2348 762 2461 κατηγορῶν
785 2338 901 2407 αὐτού.
935 2346 966 2407 εἰ
986 2341 1022 2408 δε
1044 2428 1047 2433 Ι

63 2442 174 2511 πάντα
185 2441 341 2513 τάναντία
352 2443 482 2513 τούτων
492 2469 547 2510 και
535 2438 663 2509 πολλοὶ
675 2441 731 2508 καὶ
740 2438 966 2526 φιλάνθρωπα
975 2443 1024 2505 εἰ-

64 2540 185 2621 πάντες
197 2549 380 2627 Φίλιππον,
404 2549 513 2628 φιλεῖν
522 2567 585 2627 την
596 2539 713 2622 πόλιν,
736 2541 872 2614 Φωκέας
887 2535 1021 2621 σώσειν,

65 2647 234 2727 Θηβαίους
251 2643 391 2710 παύσειν
409 2650 467 2728 τῆς
484 2639 630 2728 ὕβρεως,
652 2645 700 2706 έτι
716 2661 799 2725 προς
809 2662 939 2715 τούτοις
950 2641 1024 2721 μεί-

63 2745 145 2820 ζονα
162 2736 185 2826 ή
201 2738 274 2809 κατ’
290 2739 491 2828 Ἀμφίπολιν
511 2732 550 2808 εὖ
566 2739 717 2824 ποιήσειν
732 2733 835 2823 ὑμᾶς,
857 2732 917 2804 ἐὰν
929 2733 1022 2823 ,τύχη

63 2845 123 2922 τῆς
135 2838 283 2925 εἰρήνης,
305 2839 472 2926 Εὔβοιαν,
491 2835 645 2925 Ὠρωπόν
657 2835 857 2905 ἀποδώσειν·
880 2839 912 2902 εἰ
926 2832 1021 2902 ταῦτ’

64 2933 215 3012 εἰπόντες
231 2939 285 3002 καὶ
301 2936 523 3024 ὑποσχόμενοι
540 2933 639 3006 πάντ’
660 2935 879 3022 ἐξηπατήκασι
896 2938 951 3002 καὶ
962 2956 1024 3000 πε-

66 3037 267 3120 φενακίκασι
288 3035 343 3101 καὶ
365 3037 472 3119 μόνον
494 3032 587 3101 οὐ
552 3061 615 3120 την
621 3031 811 3154 Ἀττικήν“
792 3042 888 3119 υμών
906 3059 982 3116 περ
965 3059 1023 3198 st

66 3156 201 3219 ρηνται,
224 3139 517 3218 καταψηφίσασθε,
541 3130 654 3200 καί
614 3159 659 3219 μη
677 3157 761 3216 προς
771 3148 838 3212 τοις
849 3125 1025 3210 ίίλλοιςοίς

66 3229 213 3317 ύβρισθε
231 3229 286 3317 (ού
303 3229 368 3317 γὰρ
386 3229 484 3319 ἔγωγ’
506 3228 611 3299 οἰδ’”
589 3258 652 3300 οτι
662 3259 723 3320 χρη
713 3230 843 3319 λεγειν
853 3232 949 3316 αλλο)
967 3232 1023 3297 καί

65 3327 152 3416 ὑπὲρ
172 3321 221 3398 ών
238 3322 333 3398 ούτοι
350 3331 659 3418 δεδωροδοκήκασιν
676 3329 770 3418 ὑμεῖς
786 3329 848 3416 τήν
861 3327 951 3411 ἀραν
967 3328 1022 3395 καὶ

65 3427 130 3514 τήν
139 3429 312 3513 ἐπιορκίαν
323 3433 435 3498 οἰκαδε
447 3433 690 3521 εἰσενέγκησθε.
