2340 3894
146 183 209 246 280
355 186 452 244 xvlu.
491 181 916 245 ΔΗΜΟΣΘΕΝΟΥΣ

143 369 196 422 τες
209 338 252 410 άν
264 342 357 422 ὄντες
368 343 542 428 ἐλεύθεροι
553 338 794 427 καίαύτόνομοι
802 340 882 460 μετά
894 343 1002 427 πάσης
1012 339 1136 410 άδεί

145 467 184 520 ας
196 438 355 526 άσφαλάς
365 444 401 507 ἐν
420 437 614 526 εὐδαιμονίᾳ
629 436 688 516 τάς
704 439 832 507 ἑαυτῶν
851 437 966 528 ύκουν
969 449 1104 526 πατρί-

146 544 215 622 δας,
227 549 295 608 τοῖν
306 540 477 607 τοσούτων
489 539 544 606 καὶ
556 537 718 604 τοιούτων
717 533 895 623 676666‘
877 553 959 626 υμῖν
969 542 1105 618 καὶτοῖς

147 636 258 718 άλλοις
268 637 453 724 Ἀθηναίοις
466 643 594 722 ἔχοντες
610 635 708 722 χάριν
727 634 766 702 δι’
780 638 844 721 ἐμέ.
878 634 1026 706 ἴναδ’ί
995 664 1010 705 ε
1013 643 1105 725 δητε

146 737 197 806 ὅτι
210 746 322 828 πολλῷ
333 753 400 816 τοῖς
410 736 521 827 λόχοις
534 734 683 802 ἐλάττοσι
693 743 821 821 χρῶμαι
833 763 902 802 των
912 734 1084 822 ἔργων’
1045 763 1105 803 ευ-

146 834 421 924 λαβούμενοςτδν
432 837 577 922 φθόνον,
589 836 661 918 λέγε
678 860 735 920 μοι
752 837 846 903 ταυτὶ
859 837 913 903 καὶ
924 832 1104 921 άνάγνωθι

146 933 261 1023 λαβών
275 933 334 1002 τόν
352 933 500 1021 άριθμόν
519 939 586 999 τάν
603 939 773 1018 βοηθειῶν
792 932 874 1001 κατά
894 931 935 1000 τά
954 931 1018 1019 έμόι
1036 947 1103 1022 ψη-
1124 941 1127 948 ’

146 1042 301 1119 φίσματα.
608 1044 610 1049 ’

376 1181 591 1252 ἈΡΙΘΜΟΣ
609 1189 859 1251 ΒΟΗΘΕΙΩΝ.

82 1339 135 1394 306
231 1317 343 1378 Ταῦτα
354 1315 410 1380 καί
420 1320 556 1380 τοιαῦτα
571 1313 737 1399 πράττειν,
749 1317 904 1398 Αἰσχίνη,
923 1312 985 1380 τόν
996 1312 1102 1381 καλόν

143 1407 298 1496 κάχαθόν
309 1418 446 1498 πολίτην
459 1417 522 1496 δεῖ,
542 1404 591 1479 οἶν
608 1412 891 1497 κατορθουμένων
915 1413 978 1496 μὲν
1007 1419 1101 1497 μεγί-

144 1510 233 1601 στοις
245 1509 541 1597 άνααφισβητῆτως
557 1509 707 1597 ὑπῆρχεν
723 1507 817 1594 εἶναι,
834 1511 890 1577 καὶ
907 1511 944 1577 τό
964 1515 1101 1590 δικαίως

31 1638 33 1645 “
144 1616 285 1694 προσῆν,
299 1605 343 1687 ὡς
354 1609 473 1695 ἑτέρως
483 1614 518 1676 δὲ
529 1608 731 1695 συμβάντων
748 1606 785 1675 τό
803 1617 890 1694 γοῦν
908 1607 1101 1696 εὐδοκιμεῖν

143 1715 287 1792 περίεστι
299 1709 355 1775 καὶ
365 1707 401 1775 τό
415 1711 540 1796 μηδένα
551 1710 741 1793 μέμφεσθαι
758 1705 821 1793 τῆν
832 1706 930 1776 πόλιν
942 1708 1026 1794 μηδὲ
1037 1705 1101 1795 τῆν

144 1811 338 1891 προαίρεσιν
349 1804 467 1893 αὐτῆς,
491 1805 574 1874 άλλόι
586 1804 649 1892 τῆν
666 1806 770 1892 τύχην
781 1811 924 1886 κακίζειν
934 1805 1000 1892 τῆν
1011 1805 1099 1873 οὕτω

81 1930 134 1985 307
143 1903 183 1970 τά
194 1905 369 1989 πράγματα
384 1913 556 1990 κρίνασαν,
569 1902 610 1970 ού
622 1902 668 1990 μά
680 1903 738 1970 Δί’
750 1902 814 1971 ούκ
826 1903 1019 1972 ἀποστάντα
1031 1912 1100 1972 τάν

101 2081 105 2087 ι
143 2000 386 2086 συμφερόντων
407 2009 447 2090 τῆ
468 2002 578 2085 πόλει,
607 2001 825 2088 μισθάσαντα
846 1999 876 2069 δ’
900 2000 1009 2071 αὑτὸν
1031 2017 1100 2082 τοῖς

142 2104 313 2186 ἐναντίοις,
325 2099 403 2178 τούς
413 2098 497 2188 ὑπὲρ
508 2109 577 2168 τάν
588 2105 719 2222 ἐχθράν
729 2098 866 2221 καιροῆς
877 2099 951 2168 άντί
962 2110 1032 2169 τῶν
1043 2109 1100 2223 τῆς

143 2205 299 2285 πατρίδος
308 2201 526 2287 θεραπευειν
539 2198 666 2268 ουδὲ
631 2227 693 2269 τον
704 2227 764 2288 μεν
775 2225 929 2285 πραγματ
932 2198 1084 2281 αξια
1042 2227 1100 2287 της

142 2298 298 2380 πόλεως
281 2298 470 2412 υποστάντα
486 2303 595 2391 λέγειν
610 2303 665 2368 καί
681 2300 825 2420 γράφειν
843 2300 898 2366 καὶ
915 2301 1031 2384 μένειν
1046 2300 1100 2368 ἐπὶ

142 2399 272 2467 τούτων
283 2368 509 2486 προελόμενον
519 2396 770 2486 βασκαίνειν,
748 2395 792 2466 άν
803 2401 841 2465 δέ
849 2425 897 2476 τις
914 2403 983 2487 ίδίηι
995 2425 1027 2466 τι
1037 2407 1099 2466 λυ-

141 2497 241 2586 πῆση,
265 2508 362 2566 τοῦτο
384 2509 574 2586 μεμνῆσθαι
594 2500 650 2567 και
662 2512 784 2584 τηρειν,
807 2495 943 2581 οὐδέν’
957 2495 1100 2585 ῆσνχῖαν

79 2594 236 2681 εοεαγειν
247 2595 366 2665 αδικον
376 2624 432 2667 και
421 2598 611 2684 υπουλον,
630 2595 704 2665 666
715 2610 818 2675 ποιεῖς
829 2596 998 2674 πολλάκις.
1031 2602 1149 2670 έστιῖῖῖ

140 2693 223 2780 γάρ,
248 2701 338 2763 ἔστιν
356 2695 476 2781 ῆσυχία
493 2702 602 2769 δικαία
618 2698 674 2764 καὶ
691 2698 909 2781 συμφέρουσα
929 2702 972 2784 τῆ
989 2695 1095 2781 πόλει,

139 2789 183 2878 ῆν
200 2796 234 2860 οί
247 2797 364 2861 πολλοὶ
381 2803 449 2862 τῶν
465 2803 610 2862 πολιτῶν
632 2793 725 2880 ὑμεῖς
747 2793 859 2871 ἁπλῶς
881 2793 987 2877 άηετε.
1025 2792 1095 2863 ἀλλ’

140 2888 183 2958 ού
193 2891 318 2976 ταύτην
330 2882 428 2970 οὗτος
439 2890 511 2978 άχει
522 2892 585 2980 τῆν
594 2891 753 2980 ῆσυχίαν,
771 2889 898 2962 πολλοῦ
915 2896 1022 2978 γεκαὶ
1035 2898 1093 2978 δεῖ,
1115 2939 1122 2954 ι

140 2985 208 3056 ἀλλ’
219 2986 365 3067 άποστόις
375 2987 458 3058 όταν
469 2989 560 3083 αύτῷ
575 2992 656 3080 δόξη
672 3001 730 3078 τῆς
746 2999 909 3070 πολιτείας
920 2993 1094 3077 (πολλάκις

140 3089 176 3154 δε
194 3090 297 3170 δοκεῖ)
315 3088 473 3208 φυλάττει
489 3088 600 3177 πηνίκ’
614 3096 732 3159 ἔσεσθε
748 3093 933 3177 μεστοὶτοῦ
947 3098 1095 3178 συνεχεῖς

138 3179 331 3270 λεγοντος
308 3211 329 3270 η
349 3185 438 3270 παρά
449 3196 506 3274 τῆς
521 3189 620 3276 τύχης
637 3217 668 3257 τι
684 3195 892 3279 συμβέβηκεν
908 3192 1095 3278 ἐναντίωμα

137 3278 160 3369 6
181 3282 262 3352 άλλο
284 3308 315 3350 τι
336 3283 503 3353 δύσκολον
522 3291 639 3374 γέγονε
657 3288 774 3375 (πολλὰ
792 3289 827 3356 δέ
843 3288 1093 3376 τάνθρώπινα)·

74 3397 128 3452 809
138 3382 200 3451 εἶτ’
211 3385 265 3452 ἐπὶ
276 3382 382 3472 τούτῳ
394 3393 442 3472 τῷ
456 3394 565 3472 καιρῷ
579 3388 689 3474 ῥητωρ
709 3391 863 3471 ἐξαίφνης
879 3391 973 3453 έν
931 3414 992 3473 της
1008 3385 1095 3469 666-
