<?xml version="1.0" encoding="UTF-8"?>
<!DOCTYPE html PUBLIC "-//W3C//DTD XHTML 1.0 Transitional//EN"
    "http://www.w3.org/TR/xhtml1/DTD/xhtml1-transitional.dtd">
<html xmlns="http://www.w3.org/1999/xhtml" xml:lang="en" lang="en">
 <head>
  <title>
</title>
<meta http-equiv="Content-Type" content="text/html;charset=utf-8" />
  <meta name='ocr-system' content='tesseract 3.04.00' />
  <meta name='ocr-capabilities' content='ocr_page ocr_carea ocr_par ocr_line ocrx_word'/>
</head>
<body>
  <div class='ocr_page' id='page_1' title='image "./orationesexrece03demogoog_0117.png"; bbox 0 0 2340 3894; ppageno 0'>
   <div class='ocr_carea' id='block_1_1' title="bbox 102 136 762 233">
    <p class='ocr_par' dir='ltr' id='par_1_1' title="bbox 102 136 762 233">
     <span class='ocr_line' id='line_1_1' title="bbox 102 136 762 233; baseline -0.014 -2"><span class='ocrx_word' id='word_1_1' title='bbox 102 136 176 233; x_wconf 63' lang='grc' dir='ltr'>ἰιι</span> <span class='ocrx_word' id='word_1_2' title='bbox 505 166 762 227; x_wconf 80' lang='lat' dir='ltr'>ornonouocm</span> 
     </span>
    </p>
   </div>
   <div class='ocr_carea' id='block_1_2' title="bbox 122 333 1147 1074">
    <p class='ocr_par' dir='ltr' id='par_1_2' title="bbox 122 333 1147 1074">
     <span class='ocr_line' id='line_1_2' title="bbox 127 333 1147 411; baseline -0.002 -16"><span class='ocrx_word' id='word_1_3' title='bbox 127 354 211 411; x_wconf 92' lang='lat' dir='ltr'>quum</span> <span class='ocrx_word' id='word_1_4' title='bbox 224 336 428 395; x_wconf 73' lang='lat' dir='ltr'>Demosthenes</span> <span class='ocrx_word' id='word_1_5' title='bbox 446 338 480 393; x_wconf 91' lang='lat' dir='ltr'>ab</span> <span class='ocrx_word' id='word_1_6' title='bbox 499 336 577 392; x_wconf 88' lang='lat' dir='ltr'>initio</span> <span class='ocrx_word' id='word_1_7' title='bbox 591 337 725 407; x_wconf 89' lang='lat' dir='ltr'>populum</span> <span class='ocrx_word' id='word_1_8' title='bbox 740 334 865 391; x_wconf 77' lang='lat' dir='ltr'><strong>hortatus</strong></span> <span class='ocrx_word' id='word_1_9' title='bbox 882 340 959 391; x_wconf 87' lang='lat' dir='ltr'>essct</span> <span class='ocrx_word' id='word_1_10' title='bbox 976 350 1013 391; x_wconf 91' lang='lat' dir='ltr'>ne</span> <span class='ocrx_word' id='word_1_11' title='bbox 1028 333 1147 409; x_wconf 55' lang='lat' dir='ltr'>Harpar&#39;</span> 
     </span>
     <span class='ocr_line' id='line_1_3' title="bbox 125 419 1130 493; baseline -0.006 -14"><span class='ocrx_word' id='word_1_12' title='bbox 125 425 197 491; x_wconf 89' lang='lat' dir='ltr'>lum,</span> <span class='ocrx_word' id='word_1_13' title='bbox 223 423 270 493; x_wconf 91' lang='lat' dir='ltr'>qui</span> <span class='ocrx_word' id='word_1_14' title='bbox 291 437 353 478; x_wconf 88' lang='lat' dir='ltr'>oum</span> <span class='ocrx_word' id='word_1_15' title='bbox 375 435 479 491; x_wconf 79' lang='lat' dir='ltr'>magna</span> <span class='ocrx_word' id='word_1_16' title='bbox 499 419 637 491; x_wconf 87' lang='lat' dir='ltr'>pecuniae</span> <span class='ocrx_word' id='word_1_17' title='bbox 655 419 955 486; x_wconf 85' lang='lat' dir='ltr'>summaAlexaudro‚</span> <span class='ocrx_word' id='word_1_18' title='bbox 970 435 988 475; x_wconf 90' lang='lat' dir='ltr'>a</span> <span class='ocrx_word' id='word_1_19' title='bbox 1003 434 1061 490; x_wconf 94' lang='lat' dir='ltr'>quo</span> <span class='ocrx_word' id='word_1_20' title='bbox 1077 420 1130 475; x_wconf 91' lang='lat' dir='ltr'>the-</span> 
     </span>
     <span class='ocr_line' id='line_1_4' title="bbox 125 502 1133 578; baseline -0.005 -15"><span class='ocrx_word' id='word_1_21' title='bbox 125 520 210 563; x_wconf 84' lang='lat' dir='ltr'>sauro</span> <span class='ocrx_word' id='word_1_22' title='bbox 227 502 384 578; x_wconf 78' lang='lat' dir='ltr'>Babylonio</span> <span class='ocrx_word' id='word_1_23' title='bbox 405 504 563 575; x_wconf 80' lang='lat' dir='ltr'>praefectus</span> <span class='ocrx_word' id='word_1_24' title='bbox 580 507 653 569; x_wconf 87' lang='lat' dir='ltr'>crat,</span> <span class='ocrx_word' id='word_1_25' title='bbox 683 508 813 574; x_wconf 89' lang='lat' dir='ltr'>surrepta</span> <span class='ocrx_word' id='word_1_26' title='bbox 832 503 861 556; x_wconf 92' lang='lat' dir='ltr'>in</span> <span class='ocrx_word' id='word_1_27' title='bbox 876 503 998 557; x_wconf 88' lang='lat' dir='ltr'>Atticam</span> <span class='ocrx_word' id='word_1_28' title='bbox 1016 504 1133 574; x_wconf 72' lang='lat' dir='ltr'>fugerat,</span> 
     </span>
     <span class='ocr_line' id='line_1_5' title="bbox 124 585 1132 661; baseline -0.004 -16"><span class='ocrx_word' id='word_1_29' title='bbox 124 588 244 645; x_wconf 85' lang='lat' dir='ltr'>Athenis</span> <span class='ocrx_word' id='word_1_30' title='bbox 261 588 414 661; x_wconf 87' lang='lat' dir='ltr'>reciperet,</span> <span class='ocrx_word' id='word_1_31' title='bbox 435 587 530 658; x_wconf 92' lang='lat' dir='ltr'>paullo</span> <span class='ocrx_word' id='word_1_32' title='bbox 548 593 613 657; x_wconf 90' lang='lat' dir='ltr'>post</span> <span class='ocrx_word' id='word_1_33' title='bbox 631 585 782 641; x_wconf 77' lang='lat' dir='ltr'>faciliorem</span> <span class='ocrx_word' id='word_1_34' title='bbox 806 602 838 640; x_wconf 90' lang='lat' dir='ltr'>sc</span> <span class='ocrx_word' id='word_1_35' title='bbox 853 585 982 656; x_wconf 89' lang='lat' dir='ltr'>praebuit</span> <span class='ocrx_word' id='word_1_36' title='bbox 995 586 1132 658; x_wconf 77' lang='lat' dir='ltr'>pluraque</span> 
     </span>
     <span class='ocr_line' id='line_1_6' title="bbox 124 669 1132 742; baseline -0.006 -12"><span class='ocrx_word' id='word_1_37' title='bbox 124 671 171 730; x_wconf 88' lang='lat' dir='ltr'>vel</span> <span class='ocrx_word' id='word_1_38' title='bbox 186 678 316 727; x_wconf 79' lang='lat' dir='ltr'>suaserat</span> <span class='ocrx_word' id='word_1_39' title='bbox 334 673 380 727; x_wconf 89' lang='lat' dir='ltr'>vel</span> <span class='ocrx_word' id='word_1_40' title='bbox 395 673 513 738; x_wconf 89' lang='lat' dir='ltr'>fecerat,</span> <span class='ocrx_word' id='word_1_41' title='bbox 529 686 601 741; x_wconf 89' lang='lat' dir='ltr'>quae</span> <span class='ocrx_word' id='word_1_42' title='bbox 617 669 806 742; x_wconf 81' lang='lat' dir='ltr'>suspicionem</span> <span class='ocrx_word' id='word_1_43' title='bbox 823 675 971 725; x_wconf 89' lang='lat' dir='ltr'>moverent</span> <span class='ocrx_word' id='word_1_44' title='bbox 987 685 1068 738; x_wconf 86' lang='lat' dir='ltr'>eum,</span> <span class='ocrx_word' id='word_1_45' title='bbox 1086 685 1132 741; x_wconf 86' lang='lat' dir='ltr'>pa-</span> 
     </span>
     <span class='ocr_line' id='line_1_7' title="bbox 123 752 1133 825; baseline -0.001 -16"><span class='ocrx_word' id='word_1_46' title='bbox 123 755 191 811; x_wconf 89' lang='lat' dir='ltr'>riter</span> <span class='ocrx_word' id='word_1_47' title='bbox 212 761 294 825; x_wconf 89' lang='lat' dir='ltr'>atque</span> <span class='ocrx_word' id='word_1_48' title='bbox 320 755 389 809; x_wconf 89' lang='lat' dir='ltr'>alios</span> <span class='ocrx_word' id='word_1_49' title='bbox 411 761 538 808; x_wconf 90' lang='lat' dir='ltr'>oratores</span> <span class='ocrx_word' id='word_1_50' title='bbox 556 752 707 824; x_wconf 88' lang='lat' dir='ltr'>quosdam,</span> <span class='ocrx_word' id='word_1_51' title='bbox 730 754 766 809; x_wconf 87' lang='lat' dir='ltr'>ab</span> <span class='ocrx_word' id='word_1_52' title='bbox 784 752 908 825; x_wconf 88' lang='lat' dir='ltr'>llarpalo</span> <span class='ocrx_word' id='word_1_53' title='bbox 929 754 1067 824; x_wconf 85' lang='lat' dir='ltr'>pecuniae</span> <span class='ocrx_word' id='word_1_54' title='bbox 1081 754 1133 809; x_wconf 88' lang='lat' dir='ltr'>lar·</span> 
     </span>
     <span class='ocr_line' id='line_1_8' title="bbox 123 836 1132 911; baseline -0.002 -18"><span class='ocrx_word' id='word_1_55' title='bbox 123 838 229 911; x_wconf 79' lang='lat' dir='ltr'>gitione</span> <span class='ocrx_word' id='word_1_56' title='bbox 249 844 409 909; x_wconf 91' lang='lat' dir='ltr'>corruptum</span> <span class='ocrx_word' id='word_1_57' title='bbox 433 851 512 892; x_wconf 82' lang='lat' dir='ltr'>essa:</span> <span class='ocrx_word' id='word_1_58' title='bbox 541 852 623 907; x_wconf 85' lang='lat' dir='ltr'>quam</span> <span class='ocrx_word' id='word_1_59' title='bbox 646 837 836 907; x_wconf 88' lang='lat' dir='ltr'>suspicionem</span> <span class='ocrx_word' id='word_1_60' title='bbox 859 837 1034 893; x_wconf 84' lang='lat' dir='ltr'>confirmavit</span> <span class='ocrx_word' id='word_1_61' title='bbox 1057 836 1132 907; x_wconf 85' lang='lat' dir='ltr'>judi-</span> 
     </span>
     <span class='ocr_line' id='line_1_9' title="bbox 124 919 1132 992; baseline -0.004 -15"><span class='ocrx_word' id='word_1_62' title='bbox 124 922 198 977; x_wconf 86' lang='lat' dir='ltr'>cium</span> <span class='ocrx_word' id='word_1_63' title='bbox 210 921 369 992; x_wconf 79' lang='lat' dir='ltr'>Areopagi,</span> <span class='ocrx_word' id='word_1_64' title='bbox 385 921 432 991; x_wconf 92' lang='lat' dir='ltr'>qui</span> <span class='ocrx_word' id='word_1_65' title='bbox 448 926 514 991; x_wconf 91' lang='lat' dir='ltr'>post</span> <span class='ocrx_word' id='word_1_66' title='bbox 533 919 724 990; x_wconf 88' lang='lat' dir='ltr'>quaestionem</span> <span class='ocrx_word' id='word_1_67' title='bbox 735 934 786 989; x_wconf 89' lang='lat' dir='ltr'>per</span> <span class='ocrx_word' id='word_1_68' title='bbox 805 936 856 975; x_wconf 84' lang='lat' dir='ltr'>sex</span> <span class='ocrx_word' id='word_1_69' title='bbox 877 934 990 975; x_wconf 84' lang='lat' dir='ltr'>menses</span> <span class='ocrx_word' id='word_1_70' title='bbox 1011 919 1132 976; x_wconf 88' lang='lat' dir='ltr'>habitam</span> 
     </span>
     <span class='ocr_line' id='line_1_10' title="bbox 122 1001 1131 1074; baseline -0.001 -15"><span class='ocrx_word' id='word_1_71' title='bbox 122 1002 255 1060; x_wconf 80' lang='lat' dir='ltr'>Philoclis</span> <span class='ocrx_word' id='word_1_72' title='bbox 276 1003 337 1074; x_wconf 90' lang='lat' dir='ltr'>(qui</span> <span class='ocrx_word' id='word_1_73' title='bbox 357 1003 509 1074; x_wconf 87' lang='lat' dir='ltr'>Harpalum</span> <span class='ocrx_word' id='word_1_74' title='bbox 531 1004 559 1057; x_wconf 92' lang='lat' dir='ltr'>in</span> <span class='ocrx_word' id='word_1_75' title='bbox 576 1008 686 1073; x_wconf 89' lang='lat' dir='ltr'>portum</span> <span class='ocrx_word' id='word_1_76' title='bbox 706 1001 891 1073; x_wconf 80' lang='lat' dir='ltr'>Monychiae,</span> <span class='ocrx_word' id='word_1_77' title='bbox 913 1003 957 1067; x_wconf 85' lang='lat' dir='ltr'>aui</span> <span class='ocrx_word' id='word_1_78' title='bbox 973 1005 1131 1074; x_wconf 90' lang='lat' dir='ltr'>praefectus</span> 
     </span>
    </p>
   </div>
   <div class='ocr_carea' id='block_1_3' title="bbox 11 1080 1131 1158">
    <p class='ocr_par' dir='ltr' id='par_1_3' title="bbox 11 1080 1131 1158">
     <span class='ocr_line' id='line_1_11' title="bbox 11 1080 1131 1158; baseline 0 -16"><span class='ocrx_word' id='word_1_79' title='bbox 11 1080 16 1091; x_wconf 92' lang='grc'><em>’</em></span> <span class='ocrx_word' id='word_1_80' title='bbox 123 1093 199 1153; x_wconf 89' lang='lat' dir='ltr'>erat,</span> <span class='ocrx_word' id='word_1_81' title='bbox 215 1087 390 1154; x_wconf 83' lang='lat' dir='ltr'>admiserat),</span> <span class='ocrx_word' id='word_1_82' title='bbox 402 1086 616 1158; x_wconf 80' lang='lat' dir='ltr'>Aristogitonis,</span> <span class='ocrx_word' id='word_1_83' title='bbox 630 1085 776 1151; x_wconf 86' lang='lat' dir='ltr'>Demadis,</span> <span class='ocrx_word' id='word_1_84' title='bbox 791 1086 988 1142; x_wconf 85' lang='lat' dir='ltr'>Demosthenis</span> <span class='ocrx_word' id='word_1_85' title='bbox 1003 1087 1131 1143; x_wconf 83' lang='lat' dir='ltr'>aliorum·</span> 
     </span>
    </p>
   </div>
   <div class='ocr_carea' id='block_1_4' title="bbox 122 1169 1154 1491">
    <p class='ocr_par' dir='ltr' id='par_1_4' title="bbox 122 1169 1154 1491">
     <span class='ocr_line' id='line_1_12' title="bbox 123 1169 1131 1241; baseline 0.002 -17"><span class='ocrx_word' id='word_1_86' title='bbox 123 1184 177 1239; x_wconf 91' lang='lat' dir='ltr'>que</span> <span class='ocrx_word' id='word_1_87' title='bbox 193 1171 307 1225; x_wconf 89' lang='lat' dir='ltr'>nomina</span> <span class='ocrx_word' id='word_1_88' title='bbox 321 1175 351 1224; x_wconf 92' lang='lat' dir='ltr'>ut</span> <span class='ocrx_word' id='word_1_89' title='bbox 366 1184 479 1225; x_wconf 91' lang='lat' dir='ltr'>reorum</span> <span class='ocrx_word' id='word_1_90' title='bbox 497 1169 652 1241; x_wconf 79' lang='lat' dir='ltr'>largitionis</span> <span class='ocrx_word' id='word_1_91' title='bbox 670 1169 707 1224; x_wconf 88' lang='lat' dir='ltr'>ad</span> <span class='ocrx_word' id='word_1_92' title='bbox 718 1170 853 1240; x_wconf 91' lang='lat' dir='ltr'>populum</span> <span class='ocrx_word' id='word_1_93' title='bbox 864 1170 969 1225; x_wconf 91' lang='lat' dir='ltr'>detulit.</span> <span class='ocrx_word' id='word_1_94' title='bbox 992 1170 1073 1238; x_wconf 80' lang='lat' dir='ltr'>Quae</span> <span class='ocrx_word' id='word_1_95' title='bbox 1087 1185 1131 1225; x_wconf 84' lang='lat' dir='ltr'>ac·</span> 
     </span>
     <span class='ocr_line' id='line_1_13' title="bbox 123 1251 1130 1322; baseline -0.002 -13"><span class='ocrx_word' id='word_1_96' title='bbox 123 1253 231 1309; x_wconf 89' lang='lat' dir='ltr'>cusatio</span> <span class='ocrx_word' id='word_1_97' title='bbox 244 1254 279 1308; x_wconf 86' lang='lat' dir='ltr'>ab</span> <span class='ocrx_word' id='word_1_98' title='bbox 290 1254 477 1322; x_wconf 74' lang='lat' dir='ltr'>oratoribus¹l</span> <span class='ocrx_word' id='word_1_99' title='bbox 492 1251 672 1309; x_wconf 90' lang='lat' dir='ltr'>Demostheni</span> <span class='ocrx_word' id='word_1_100' title='bbox 684 1253 819 1320; x_wconf 92' lang='lat' dir='ltr'>inimicis,</span> <span class='ocrx_word' id='word_1_101' title='bbox 835 1253 967 1320; x_wconf 88' lang='lat' dir='ltr'>comicis,</span> <span class='ocrx_word' id='word_1_102' title='bbox 991 1252 1130 1309; x_wconf 85' lang='lat' dir='ltr'>historicis</span> 
     </span>
     <span class='ocr_line' id='line_1_14' title="bbox 122 1335 1130 1413; baseline 0 -23"><span class='ocrx_word' id='word_1_103' title='bbox 122 1336 329 1413; x_wconf 35' lang='lat' dir='ltr'>et,&#39;biographis</span> <span class='ocrx_word' id='word_1_104' title='bbox 348 1337 386 1392; x_wconf 88' lang='lat' dir='ltr'>ita</span> <span class='ocrx_word' id='word_1_105' title='bbox 403 1342 446 1391; x_wconf 90' lang='lat' dir='ltr'>est</span> <span class='ocrx_word' id='word_1_106' title='bbox 464 1337 609 1393; x_wconf 91' lang='lat' dir='ltr'>calumniis</span> <span class='ocrx_word' id='word_1_107' title='bbox 626 1343 654 1390; x_wconf 93' lang='lat' dir='ltr'>ct</span> <span class='ocrx_word' id='word_1_108' title='bbox 671 1335 809 1407; x_wconf 82' lang='lat' dir='ltr'>figmentis</span> <span class='ocrx_word' id='word_1_109' title='bbox 830 1340 1005 1407; x_wconf 78' lang='lat' dir='ltr'>exaggerata</span> <span class='ocrx_word' id='word_1_110' title='bbox 1020 1341 1130 1407; x_wconf 89' lang='lat' dir='ltr'>utquae</span> 
     </span>
     <span class='ocr_line' id='line_1_15' title="bbox 124 1419 1154 1491; baseline -0.001 -17"><span class='ocrx_word' id='word_1_111' title='bbox 124 1424 151 1474; x_wconf 91' lang='lat' dir='ltr'>et</span> <span class='ocrx_word' id='word_1_112' title='bbox 172 1425 276 1490; x_wconf 89' lang='lat' dir='ltr'>quanta</span> <span class='ocrx_word' id='word_1_113' title='bbox 298 1421 381 1491; x_wconf 87' lang='lat' dir='ltr'>culpa</span> <span class='ocrx_word' id='word_1_114' title='bbox 400 1420 482 1475; x_wconf 90' lang='lat' dir='ltr'>fuerit</span> <span class='ocrx_word' id='word_1_115' title='bbox 502 1419 715 1488; x_wconf 86' lang='lat' dir='ltr'>Demosthenis,</span> <span class='ocrx_word' id='word_1_116' title='bbox 730 1420 755 1474; x_wconf 88' lang='lat' dir='ltr'>si</span> <span class='ocrx_word' id='word_1_117' title='bbox 776 1436 832 1490; x_wconf 91' lang='lat' dir='ltr'>qua</span> <span class='ocrx_word' id='word_1_118' title='bbox 853 1420 917 1486; x_wconf 89' lang='lat' dir='ltr'>fuit,</span> <span class='ocrx_word' id='word_1_119' title='bbox 939 1420 1066 1491; x_wconf 85' lang='lat' dir='ltr'>perspici</span> <span class='ocrx_word' id='word_1_120' title='bbox 1086 1435 1154 1491; x_wconf 43' lang='lat' dir='ltr'>uo,</span> 
     </span>
    </p>
   </div>
   <div class='ocr_carea' id='block_1_5' title="bbox 124 1538 326 1551">
    <p class='ocr_par' dir='ltr' id='par_1_5' title="bbox 124 1538 326 1551">
     <span class='ocr_line' id='line_1_16' title="bbox 124 1538 326 1551; baseline -0.005 0"><span class='ocrx_word' id='word_1_121' title='bbox 124 1538 326 1551; x_wconf 44' lang='grc'>*-</span> 
     </span>
    </p>
   </div>
   <div class='ocr_carea' id='block_1_6' title="bbox 88 1597 1135 3511">
    <p class='ocr_par' dir='ltr' id='par_1_6' title="bbox 88 1597 1135 3511">
     <span class='ocr_line' id='line_1_17' title="bbox 191 1597 1127 1662; baseline 0 -15"><span class='ocrx_word' id='word_1_122' title='bbox 191 1601 217 1662; x_wconf 88' lang='lat' dir='ltr'>a)</span> <span class='ocrx_word' id='word_1_123' title='bbox 237 1599 368 1649; x_wconf 84' lang='lat' dir='ltr'>Orationes</span> <span class='ocrx_word' id='word_1_124' title='bbox 388 1607 474 1651; x_wconf 91' lang='lat' dir='ltr'>contra</span> <span class='ocrx_word' id='word_1_125' title='bbox 498 1599 693 1650; x_wconf 88' lang='lat' dir='ltr'>Demosthenem</span> <span class='ocrx_word' id='word_1_126' title='bbox 717 1599 743 1649; x_wconf 93' lang='lat' dir='ltr'>in</span> <span class='ocrx_word' id='word_1_127' title='bbox 766 1599 814 1648; x_wconf 87' lang='lat' dir='ltr'>hac</span> <span class='ocrx_word' id='word_1_128' title='bbox 832 1611 922 1647; x_wconf 87' lang='lat' dir='ltr'>caussa</span> <span class='ocrx_word' id='word_1_129' title='bbox 939 1597 1044 1647; x_wconf 87' lang='lat' dir='ltr'>habitae</span> <span class='ocrx_word' id='word_1_130' title='bbox 1063 1598 1127 1648; x_wconf 82' lang='lat' dir='ltr'>duaa</span> 
     </span>
     <span class='ocr_line' id='line_1_18' title="bbox 88 1656 1129 1733; baseline -0.004 -14"><span class='ocrx_word' id='word_1_131' title='bbox 88 1656 102 1675; x_wconf 69' lang='lat'><strong>⁹</strong></span> <span class='ocrx_word' id='word_1_132' title='bbox 122 1658 273 1732; x_wconf 77' lang='lat' dir='ltr'>supersunt,</span> <span class='ocrx_word' id='word_1_133' title='bbox 292 1667 372 1717; x_wconf 79' lang='lat' dir='ltr'>altera</span> <span class='ocrx_word' id='word_1_134' title='bbox 392 1667 527 1726; x_wconf 89' lang='lat' dir='ltr'>Dinarchi,</span> <span class='ocrx_word' id='word_1_135' title='bbox 552 1668 800 1733; x_wconf 73' lang='lat' dir='ltr'>altera-Hyperidis,</span> <span class='ocrx_word' id='word_1_136' title='bbox 827 1665 899 1730; x_wconf 88' lang='lat' dir='ltr'>cujus</span> <span class='ocrx_word' id='word_1_137' title='bbox 923 1665 1068 1731; x_wconf 86' lang='lat' dir='ltr'>fragmenta</span> <span class='ocrx_word' id='word_1_138' title='bbox 1084 1680 1129 1715; x_wconf 86' lang='lat' dir='ltr'>nu-</span> 
     </span>
     <span class='ocr_line' id='line_1_19' title="bbox 121 1733 1131 1803; baseline 0 -18"><span class='ocrx_word' id='word_1_139' title='bbox 121 1750 168 1801; x_wconf 84' lang='lat' dir='ltr'>per</span> <span class='ocrx_word' id='word_1_140' title='bbox 186 1735 255 1786; x_wconf 85' lang='lat' dir='ltr'>edita</span> <span class='ocrx_word' id='word_1_141' title='bbox 272 1744 330 1785; x_wconf 81' lang='lat' dir='ltr'>sunt</span> <span class='ocrx_word' id='word_1_142' title='bbox 345 1750 377 1785; x_wconf 84' lang='lat' dir='ltr'>cx</span> <span class='ocrx_word' id='word_1_143' title='bbox 392 1738 497 1803; x_wconf 68' lang='lat' dir='ltr'>papyris</span> <span class='ocrx_word' id='word_1_144' title='bbox 516 1738 542 1785; x_wconf 89' lang='lat' dir='ltr'>iu</span> <span class='ocrx_word' id='word_1_145' title='bbox 560 1738 678 1803; x_wconf 76' lang='lat' dir='ltr'>Aegypto</span> <span class='ocrx_word' id='word_1_146' title='bbox 698 1737 818 1802; x_wconf 85' lang='lat' dir='ltr'>repertis:</span> <span class='ocrx_word' id='word_1_147' title='bbox 836 1750 860 1785; x_wconf 85' lang='lat' dir='ltr'>v.</span> <span class='ocrx_word' id='word_1_148' title='bbox 879 1733 987 1799; x_wconf 86' lang='lat' dir='ltr'>Sauppii</span> <span class='ocrx_word' id='word_1_149' title='bbox 1003 1735 1131 1785; x_wconf 78' lang='lat' dir='ltr'>collectio·</span> 
     </span>
     <span class='ocr_line' id='line_1_20' title="bbox 123 1802 1131 1871; baseline -0.002 -18"><span class='ocrx_word' id='word_1_150' title='bbox 123 1818 182 1871; x_wconf 89' lang='lat' dir='ltr'>nem</span> <span class='ocrx_word' id='word_1_151' title='bbox 205 1803 414 1869; x_wconf 84' lang='lat' dir='ltr'>Fragmentorum</span> <span class='ocrx_word' id='word_1_152' title='bbox 435 1820 460 1869; x_wconf 89' lang='lat' dir='ltr'>p.</span> <span class='ocrx_word' id='word_1_153' title='bbox 487 1802 659 1868; x_wconf 65' lang='lat' dir='ltr'>ota-352„</span> <span class='ocrx_word' id='word_1_154' title='bbox 682 1805 747 1854; x_wconf 91' lang='lat' dir='ltr'>aliae</span> <span class='ocrx_word' id='word_1_155' title='bbox 769 1804 875 1853; x_wconf 90' lang='lat' dir='ltr'>aliorum</span> <span class='ocrx_word' id='word_1_156' title='bbox 898 1802 1037 1868; x_wconf 88' lang='lat' dir='ltr'>perierunt.</span> <span class='ocrx_word' id='word_1_157' title='bbox 1069 1802 1131 1853; x_wconf 85' lang='lat' dir='ltr'>Nam</span> 
     </span>
     <span class='ocr_line' id='line_1_21' title="bbox 125 1866 1131 1938; baseline -0.002 -17"><span class='ocrx_word' id='word_1_158' title='bbox 125 1880 238 1922; x_wconf 89' lang='lat' dir='ltr'>oratores</span> <span class='ocrx_word' id='word_1_159' title='bbox 256 1875 334 1922; x_wconf 89' lang='lat' dir='ltr'>creati</span> <span class='ocrx_word' id='word_1_160' title='bbox 357 1866 427 1922; x_wconf 78' lang='lat' dir='ltr'>ararit</span> <span class='ocrx_word' id='word_1_161' title='bbox 449 1874 536 1922; x_wconf 89' lang='lat' dir='ltr'>decem</span> <span class='ocrx_word' id='word_1_162' title='bbox 556 1874 600 1934; x_wconf 89' lang='lat' dir='ltr'>qni</span> <span class='ocrx_word' id='word_1_163' title='bbox 622 1873 711 1938; x_wconf 90' lang='lat' dir='ltr'>populi</span> <span class='ocrx_word' id='word_1_164' title='bbox 731 1874 832 1924; x_wconf 87' lang='lat' dir='ltr'>nomine</span> <span class='ocrx_word' id='word_1_165' title='bbox 854 1878 1001 1920; x_wconf 77' lang='lat' dir='ltr'>accusarent</span> <span class='ocrx_word' id='word_1_166' title='bbox 1018 1870 1131 1936; x_wconf 80' lang='lat' dir='ltr'>Harpali-</span> 
     </span>
     <span class='ocr_line' id='line_1_22' title="bbox 123 1940 1131 2005; baseline 0 -17"><span class='ocrx_word' id='word_1_167' title='bbox 123 1954 168 1988; x_wconf 88' lang='lat' dir='ltr'>oac</span> <span class='ocrx_word' id='word_1_168' title='bbox 186 1940 330 2005; x_wconf 78' lang='lat' dir='ltr'>largitionis</span> <span class='ocrx_word' id='word_1_169' title='bbox 347 1955 418 1992; x_wconf 85' lang='lat' dir='ltr'>reos:</span> <span class='ocrx_word' id='word_1_170' title='bbox 449 1941 589 2003; x_wconf 88' lang='lat' dir='ltr'>dequibus</span> <span class='ocrx_word' id='word_1_171' title='bbox 608 1955 633 1994; x_wconf 82' lang='lat' dir='ltr'>v,</span> <span class='ocrx_word' id='word_1_172' title='bbox 660 1956 724 2004; x_wconf 90' lang='lat' dir='ltr'>quac</span> <span class='ocrx_word' id='word_1_173' title='bbox 742 1941 844 2005; x_wconf 81' lang='lat' dir='ltr'>collegit</span> <span class='ocrx_word' id='word_1_174' title='bbox 861 1940 1019 1989; x_wconf 81' lang='lat' dir='ltr'>Maetsnerus</span> <span class='ocrx_word' id='word_1_175' title='bbox 1044 1941 1072 1988; x_wconf 90' lang='lat' dir='ltr'>iu</span> <span class='ocrx_word' id='word_1_176' title='bbox 1088 1952 1131 1988; x_wconf 79' lang='lat' dir='ltr'>an-</span> 
     </span>
     <span class='ocr_line' id='line_1_23' title="bbox 122 2006 1132 2076; baseline 0 -19"><span class='ocrx_word' id='word_1_177' title='bbox 122 2015 174 2057; x_wconf 87' lang='lat' dir='ltr'>not.</span> <span class='ocrx_word' id='word_1_178' title='bbox 185 2009 217 2057; x_wconf 86' lang='lat' dir='ltr'>ad</span> <span class='ocrx_word' id='word_1_179' title='bbox 230 2006 386 2063; x_wconf 84' lang='lat' dir='ltr'>Dinarchum</span> <span class='ocrx_word' id='word_1_180' title='bbox 399 2025 427 2076; x_wconf 85' lang='lat' dir='ltr'>p.</span> <span class='ocrx_word' id='word_1_181' title='bbox 443 2008 485 2060; x_wconf 81' lang='lat'>84.</span> <span class='ocrx_word' id='word_1_182' title='bbox 511 2009 675 2076; x_wconf 62' lang='lat' dir='ltr'>Hyperidem,</span> <span class='ocrx_word' id='word_1_183' title='bbox 686 2018 760 2059; x_wconf 88' lang='lat' dir='ltr'>anteo</span> <span class='ocrx_word' id='word_1_184' title='bbox 771 2009 883 2058; x_wconf 87' lang='lat' dir='ltr'>amicitia</span> <span class='ocrx_word' id='word_1_185' title='bbox 892 2023 949 2058; x_wconf 91' lang='lat' dir='ltr'>cum</span> <span class='ocrx_word' id='word_1_186' title='bbox 962 2008 1132 2060; x_wconf 83' lang='lat' dir='ltr'>Demosthene</span> 
     </span>
     <span class='ocr_line' id='line_1_24' title="bbox 122 2075 1131 2143; baseline 0.001 -19"><span class='ocrx_word' id='word_1_187' title='bbox 122 2075 299 2139; x_wconf 80' lang='lat' dir='ltr'>conjunctum,</span> <span class='ocrx_word' id='word_1_188' title='bbox 315 2079 427 2142; x_wconf 78' lang='lat' dir='ltr'>graviter</span> <span class='ocrx_word' id='word_1_189' title='bbox 445 2077 607 2143; x_wconf 80' lang='lat' dir='ltr'>reprehendit</span> <span class='ocrx_word' id='word_1_190' title='bbox 629 2079 870 2128; x_wconf 85' lang='lat' dir='ltr'>Pseudo-Lucienus</span> <span class='ocrx_word' id='word_1_191' title='bbox 896 2078 922 2125; x_wconf 90' lang='lat' dir='ltr'>iu</span> <span class='ocrx_word' id='word_1_192' title='bbox 944 2077 1066 2127; x_wconf 79' lang='lat' dir='ltr'>Eucomlo</span> <span class='ocrx_word' id='word_1_193' title='bbox 1083 2077 1131 2127; x_wconf 87' lang='lat' dir='ltr'>Da-</span> 
     </span>
     <span class='ocr_line' id='line_1_25' title="bbox 123 2143 1132 2212; baseline 0.002 -20"><span class='ocrx_word' id='word_1_194' title='bbox 123 2143 214 2194; x_wconf 89' lang='lat' dir='ltr'>mosth.</span> <span class='ocrx_word' id='word_1_195' title='bbox 234 2159 257 2198; x_wconf 87' lang='lat' dir='ltr'>c.</span> <span class='ocrx_word' id='word_1_196' title='bbox 276 2144 329 2205; x_wconf 88' lang='grc'>31.,</span> <span class='ocrx_word' id='word_1_197' title='bbox 348 2146 417 2208; x_wconf 90' lang='lat' dir='ltr'>quod</span> <span class='ocrx_word' id='word_1_198' title='bbox 429 2156 515 2197; x_wconf 89' lang='lat' dir='ltr'>contra</span> <span class='ocrx_word' id='word_1_199' title='bbox 529 2146 722 2197; x_wconf 88' lang='lat' dir='ltr'>Demosthenem</span> <span class='ocrx_word' id='word_1_200' title='bbox 740 2147 842 2198; x_wconf 87' lang='lat' dir='ltr'>dixerit.</span> <span class='ocrx_word' id='word_1_201' title='bbox 879 2146 1034 2212; x_wconf 70' lang='lat' dir='ltr'>Hyperidem</span> <span class='ocrx_word' id='word_1_202' title='bbox 1048 2147 1132 2211; x_wconf 85' lang='lat' dir='ltr'>ipsum</span> 
     </span>
     <span class='ocr_line' id='line_1_26' title="bbox 123 2210 1132 2281; baseline -0.001 -19"><span class='ocrx_word' id='word_1_203' title='bbox 123 2210 187 2262; x_wconf 80' lang='lat' dir='ltr'>iuter</span> <span class='ocrx_word' id='word_1_204' title='bbox 205 2221 321 2264; x_wconf 85' lang='lat' dir='ltr'>oratores</span> <span class='ocrx_word' id='word_1_205' title='bbox 336 2215 367 2262; x_wconf 90' lang='lat' dir='ltr'>ab</span> <span class='ocrx_word' id='word_1_206' title='bbox 381 2215 492 2281; x_wconf 86' lang='lat' dir='ltr'>Harpalo</span> <span class='ocrx_word' id='word_1_207' title='bbox 508 2217 616 2280; x_wconf 89' lang='lat' dir='ltr'>pecunia</span> <span class='ocrx_word' id='word_1_208' title='bbox 630 2224 760 2279; x_wconf 85' lang='lat' dir='ltr'>corruptos</span> <span class='ocrx_word' id='word_1_209' title='bbox 776 2221 889 2264; x_wconf 85' lang='lat' dir='ltr'>numerat</span> <span class='ocrx_word' id='word_1_210' title='bbox 908 2213 1036 2264; x_wconf 75' lang='lat' dir='ltr'>&#39;lhmoolcs</span> <span class='ocrx_word' id='word_1_211' title='bbox 1053 2214 1132 2263; x_wconf 89' lang='lat' dir='ltr'>comi-</span> 
     </span>
     <span class='ocr_line' id='line_1_27' title="bbox 122 2270 1132 2348; baseline 0 -17"><span class='ocrx_word' id='word_1_212' title='bbox 122 2270 229 2347; x_wconf 75' lang='lat' dir='ltr'>cus&#39;op.</span> <span class='ocrx_word' id='word_1_213' title='bbox 251 2280 343 2334; x_wconf 82' lang='lat' dir='ltr'>Athen.</span> <span class='ocrx_word' id='word_1_214' title='bbox 362 2281 387 2337; x_wconf 87' lang='lat'>8.</span> <span class='ocrx_word' id='word_1_215' title='bbox 412 2298 438 2348; x_wconf 89' lang='lat' dir='ltr'>p.</span> <span class='ocrx_word' id='word_1_216' title='bbox 454 2282 514 2335; x_wconf 81' lang='lat'>341.</span> <span class='ocrx_word' id='word_1_217' title='bbox 540 2286 580 2346; x_wconf 68' lang='lat' dir='ltr'>F„</span> <span class='ocrx_word' id='word_1_218' title='bbox 602 2285 645 2347; x_wconf 90' lang='lat' dir='ltr'>qui</span> <span class='ocrx_word' id='word_1_219' title='bbox 668 2284 863 2333; x_wconf 88' lang='lat' dir='ltr'>Demosthenem</span> <span class='ocrx_word' id='word_1_220' title='bbox 888 2282 1072 2346; x_wconf 80' lang='lat' dir='ltr'>quinquaginta</span> <span class='ocrx_word' id='word_1_221' title='bbox 1095 2290 1132 2331; x_wconf 87' lang='lat' dir='ltr'>ta·</span> 
     </span>
     <span class='ocr_line' id='line_1_28' title="bbox 122 2350 1132 2416; baseline -0.002 -16"><span class='ocrx_word' id='word_1_222' title='bbox 122 2350 190 2401; x_wconf 89' lang='lat' dir='ltr'>lenta</span> <span class='ocrx_word' id='word_1_223' title='bbox 208 2352 339 2416; x_wconf 83' lang='lat' dir='ltr'>accepisse</span> <span class='ocrx_word' id='word_1_224' title='bbox 354 2352 404 2415; x_wconf 85' lang='lat' dir='ltr'>ait,</span> <span class='ocrx_word' id='word_1_225' title='bbox 430 2354 449 2404; x_wconf 90' lang='lat' dir='ltr'>i.</span> <span class='ocrx_word' id='word_1_226' title='bbox 475 2369 498 2405; x_wconf 90' lang='lat' dir='ltr'>c.</span> <span class='ocrx_word' id='word_1_227' title='bbox 518 2362 555 2404; x_wconf 93' lang='lat' dir='ltr'>tot</span> <span class='ocrx_word' id='word_1_228' title='bbox 569 2362 629 2416; x_wconf 90' lang='lat' dir='ltr'>quot</span> <span class='ocrx_word' id='word_1_229' title='bbox 647 2353 767 2402; x_wconf 88' lang='lat' dir='ltr'>multatus</span> <span class='ocrx_word' id='word_1_230' title='bbox 791 2353 817 2400; x_wconf 93' lang='lat' dir='ltr'>in</span> <span class='ocrx_word' id='word_1_231' title='bbox 837 2351 885 2400; x_wconf 91' lang='lat' dir='ltr'>hac</span> <span class='ocrx_word' id='word_1_232' title='bbox 904 2364 995 2400; x_wconf 87' lang='lat' dir='ltr'>caussa</span> <span class='ocrx_word' id='word_1_233' title='bbox 1019 2358 1132 2415; x_wconf 87' lang='lat' dir='ltr'>postmo-</span> 
     </span>
     <span class='ocr_line' id='line_1_29' title="bbox 122 2419 1133 2486; baseline -0.004 -16"><span class='ocrx_word' id='word_1_234' title='bbox 122 2420 183 2470; x_wconf 90' lang='lat' dir='ltr'>dnm</span> <span class='ocrx_word' id='word_1_235' title='bbox 210 2419 273 2479; x_wconf 91' lang='lat' dir='ltr'>fuit,</span> <span class='ocrx_word' id='word_1_236' title='bbox 300 2429 328 2471; x_wconf 91' lang='lat' dir='ltr'>ut</span> <span class='ocrx_word' id='word_1_237' title='bbox 354 2420 419 2472; x_wconf 85' lang='lat' dir='ltr'>iufra</span> <span class='ocrx_word' id='word_1_238' title='bbox 453 2423 603 2473; x_wconf 85' lang='lat' dir='ltr'>videbimus.</span> <span class='ocrx_word' id='word_1_239' title='bbox 649 2421 746 2486; x_wconf 81' lang='lat' dir='ltr'>Viginti</span> <span class='ocrx_word' id='word_1_240' title='bbox 773 2428 869 2469; x_wconf 85' lang='lat' dir='ltr'>tantum</span> <span class='ocrx_word' id='word_1_241' title='bbox 897 2420 992 2468; x_wconf 88' lang='lat' dir='ltr'>talenta</span> <span class='ocrx_word' id='word_1_242' title='bbox 1018 2420 1133 2467; x_wconf 87' lang='lat' dir='ltr'>nominat</span> 
     </span>
     <span class='ocr_line' id='line_1_30' title="bbox 121 2485 1131 2559; baseline -0.004 -20"><span class='ocrx_word' id='word_1_243' title='bbox 121 2487 264 2539; x_wconf 88' lang='lat' dir='ltr'>Dinarchus</span> <span class='ocrx_word' id='word_1_244' title='bbox 283 2489 398 2554; x_wconf 87' lang='lat' dir='ltr'>pluribus</span> <span class='ocrx_word' id='word_1_245' title='bbox 416 2493 537 2540; x_wconf 90' lang='lat' dir='ltr'>orationis</span> <span class='ocrx_word' id='word_1_246' title='bbox 556 2505 617 2541; x_wconf 87' lang='lat' dir='ltr'>suae</span> <span class='ocrx_word' id='word_1_247' title='bbox 635 2489 697 2540; x_wconf 90' lang='lat' dir='ltr'>locis</span> <span class='ocrx_word' id='word_1_248' title='bbox 716 2488 752 2554; x_wconf 83' lang='lat'>(§.</span> <span class='ocrx_word' id='word_1_249' title='bbox 770 2490 796 2541; x_wconf 87' lang='grc'>6.</span> <span class='ocrx_word' id='word_1_250' title='bbox 814 2490 857 2559; x_wconf 92' lang='grc'>45.</span> <span class='ocrx_word' id='word_1_251' title='bbox 878 2486 919 2539; x_wconf 82' lang='grc'>53.</span> <span class='ocrx_word' id='word_1_252' title='bbox 938 2486 982 2540; x_wconf 85' lang='grc'>69.</span> <span class='ocrx_word' id='word_1_253' title='bbox 997 2485 1058 2550; x_wconf 80' lang='grc'>89.)</span> <span class='ocrx_word' id='word_1_254' title='bbox 1075 2489 1131 2537; x_wconf 91' lang='lat' dir='ltr'>toti·</span> 
     </span>
     <span class='ocr_line' id='line_1_31' title="bbox 124 2555 1132 2621; baseline -0.005 -14"><span class='ocrx_word' id='word_1_255' title='bbox 124 2557 232 2621; x_wconf 89' lang='lat' dir='ltr'>demque</span> <span class='ocrx_word' id='word_1_256' title='bbox 249 2557 398 2609; x_wconf 89' lang='lat' dir='ltr'>Plutarchus</span> <span class='ocrx_word' id='word_1_257' title='bbox 412 2560 436 2607; x_wconf 93' lang='lat' dir='ltr'>in</span> <span class='ocrx_word' id='word_1_258' title='bbox 453 2560 513 2608; x_wconf 85' lang='lat' dir='ltr'>Vita</span> <span class='ocrx_word' id='word_1_259' title='bbox 532 2575 555 2609; x_wconf 88' lang='lat' dir='ltr'>a.</span> <span class='ocrx_word' id='word_1_260' title='bbox 580 2560 623 2610; x_wconf 81' lang='grc'>25,</span> <span class='ocrx_word' id='word_1_261' title='bbox 646 2573 703 2608; x_wconf 85' lang='lat' dir='ltr'>cunr</span> <span class='ocrx_word' id='word_1_262' title='bbox 727 2557 823 2607; x_wconf 88' lang='lat' dir='ltr'>fabella</span> <span class='ocrx_word' id='word_1_263' title='bbox 847 2557 879 2606; x_wconf 92' lang='lat' dir='ltr'>de</span> <span class='ocrx_word' id='word_1_264' title='bbox 900 2555 978 2606; x_wconf 87' lang='lat' dir='ltr'>calice</span> <span class='ocrx_word' id='word_1_265' title='bbox 1002 2571 1080 2607; x_wconf 87' lang='lat' dir='ltr'>aureo</span> <span class='ocrx_word' id='word_1_266' title='bbox 1106 2557 1132 2603; x_wconf 91' lang='lat' dir='ltr'>iu</span> 
     </span>
     <span class='ocr_line' id='line_1_32' title="bbox 125 2622 1133 2690; baseline -0.003 -17"><span class='ocrx_word' id='word_1_267' title='bbox 125 2639 174 2687; x_wconf 92' lang='lat' dir='ltr'>quo</span> <span class='ocrx_word' id='word_1_268' title='bbox 198 2626 324 2688; x_wconf 88' lang='lat' dir='ltr'>Harpalus</span> <span class='ocrx_word' id='word_1_269' title='bbox 348 2629 483 2689; x_wconf 82' lang='lat' dir='ltr'>pecuniam</span> <span class='ocrx_word' id='word_1_270' title='bbox 507 2626 605 2674; x_wconf 89' lang='lat' dir='ltr'>miserit</span> <span class='ocrx_word' id='word_1_271' title='bbox 626 2624 670 2687; x_wconf 88' lang='lat' dir='ltr'>(ad</span> <span class='ocrx_word' id='word_1_272' title='bbox 693 2641 768 2689; x_wconf 91' lang='lat' dir='ltr'>quam</span> <span class='ocrx_word' id='word_1_273' title='bbox 789 2626 906 2690; x_wconf 80' lang='lat' dir='ltr'>Lynceus</span> <span class='ocrx_word' id='word_1_274' title='bbox 924 2639 1025 2687; x_wconf 91' lang='lat' dir='ltr'>quoque</span> <span class='ocrx_word' id='word_1_275' title='bbox 1042 2622 1133 2673; x_wconf 90' lang='lat' dir='ltr'>alludit</span> 
     </span>
     <span class='ocr_line' id='line_1_33' title="bbox 123 2691 1131 2757; baseline 0.003 -17"><span class='ocrx_word' id='word_1_276' title='bbox 123 2705 167 2756; x_wconf 89' lang='lat' dir='ltr'>ap.</span> <span class='ocrx_word' id='word_1_277' title='bbox 180 2692 272 2741; x_wconf 79' lang='lat' dir='ltr'>Allien.</span> <span class='ocrx_word' id='word_1_278' title='bbox 286 2691 312 2743; x_wconf 83' lang='grc'>6.</span> <span class='ocrx_word' id='word_1_279' title='bbox 330 2707 355 2755; x_wconf 88' lang='lat' dir='ltr'>p.</span> <span class='ocrx_word' id='word_1_280' title='bbox 372 2694 431 2743; x_wconf 81' lang='lat'><strong>245.</strong></span> <span class='ocrx_word' id='word_1_281' title='bbox 449 2692 510 2756; x_wconf 83' lang='lat' dir='ltr'><strong>F.);</strong></span> <span class='ocrx_word' id='word_1_282' title='bbox 528 2694 633 2757; x_wconf 78' lang='lat' dir='ltr'>trigiuts</span> <span class='ocrx_word' id='word_1_283' title='bbox 642 2695 819 2744; x_wconf 88' lang='lat' dir='ltr'>Pseudo-Plut.</span> <span class='ocrx_word' id='word_1_284' title='bbox 840 2695 866 2743; x_wconf 91' lang='lat' dir='ltr'>in</span> <span class='ocrx_word' id='word_1_285' title='bbox 878 2695 944 2743; x_wconf 86' lang='lat' dir='ltr'>vltis</span> <span class='ocrx_word' id='word_1_286' title='bbox 959 2693 1049 2743; x_wconf 82' lang='lat' dir='ltr'>decem</span> <span class='ocrx_word' id='word_1_287' title='bbox 1066 2699 1131 2743; x_wconf 87' lang='lat' dir='ltr'>orat.</span> 
     </span>
     <span class='ocr_line' id='line_1_34' title="bbox 121 2758 1130 2836; baseline 0.001 -30"><span class='ocrx_word' id='word_1_288' title='bbox 121 2774 148 2823; x_wconf 81' lang='lat' dir='ltr'>p.</span> <span class='ocrx_word' id='word_1_289' title='bbox 164 2758 228 2836; x_wconf 74' lang='grc' dir='ltr'>β4ιι.</span> <span class='ocrx_word' id='word_1_290' title='bbox 240 2758 267 2808; x_wconf 82' lang='lat' dir='ltr'>C.</span> <span class='ocrx_word' id='word_1_291' title='bbox 287 2772 344 2806; x_wconf 91' lang='lat' dir='ltr'>cum</span> <span class='ocrx_word' id='word_1_292' title='bbox 362 2773 442 2821; x_wconf 89' lang='lat' dir='ltr'>coque</span> <span class='ocrx_word' id='word_1_293' title='bbox 455 2761 561 2811; x_wconf 87' lang='lat' dir='ltr'>Plrotius</span> <span class='ocrx_word' id='word_1_294' title='bbox 576 2760 641 2811; x_wconf 91' lang='lat' dir='ltr'>Bibl.</span> <span class='ocrx_word' id='word_1_295' title='bbox 661 2777 688 2827; x_wconf 89' lang='lat' dir='ltr'>p.</span> <span class='ocrx_word' id='word_1_296' title='bbox 707 2763 769 2821; x_wconf 78' lang='lat'>494,</span> <span class='ocrx_word' id='word_1_297' title='bbox 787 2764 841 2822; x_wconf 74' lang='lat'>21,</span> <span class='ocrx_word' id='word_1_298' title='bbox 861 2771 920 2827; x_wconf 89' lang='lat' dir='ltr'>post</span> <span class='ocrx_word' id='word_1_299' title='bbox 937 2760 1009 2811; x_wconf 88' lang='lat' dir='ltr'>milla</span> <span class='ocrx_word' id='word_1_300' title='bbox 1026 2763 1130 2822; x_wconf 69' lang='lat' dir='ltr'>Asper-</span> 
     </span>
     <span class='ocr_line' id='line_1_35' title="bbox 121 2827 1133 2895; baseline 0.001 -21"><span class='ocrx_word' id='word_1_301' title='bbox 121 2838 191 2882; x_wconf 76' lang='lat' dir='ltr'>uocs</span> <span class='ocrx_word' id='word_1_302' title='bbox 209 2827 296 2874; x_wconf 88' lang='lat' dir='ltr'>statim</span> <span class='ocrx_word' id='word_1_303' title='bbox 316 2835 374 2890; x_wconf 91' lang='lat' dir='ltr'>post</span> <span class='ocrx_word' id='word_1_304' title='bbox 393 2828 496 2892; x_wconf 86' lang='lat' dir='ltr'>Harpali</span> <span class='ocrx_word' id='word_1_305' title='bbox 515 2829 651 2880; x_wconf 87' lang='lat' dir='ltr'>adveutum</span> <span class='ocrx_word' id='word_1_306' title='bbox 677 2838 803 2895; x_wconf 90' lang='lat' dir='ltr'>acceptos.</span> <span class='ocrx_word' id='word_1_307' title='bbox 842 2829 990 2894; x_wconf 89' lang='lat' dir='ltr'>Cujusmodi</span> <span class='ocrx_word' id='word_1_308' title='bbox 1013 2829 1133 2878; x_wconf 87' lang='lat' dir='ltr'>crimina-</span> 
     </span>
     <span class='ocr_line' id='line_1_36' title="bbox 121 2894 1132 2964; baseline 0.001 -22"><span class='ocrx_word' id='word_1_309' title='bbox 121 2896 204 2943; x_wconf 79' lang='lat' dir='ltr'>tiones</span> <span class='ocrx_word' id='word_1_310' title='bbox 221 2900 290 2942; x_wconf 88' lang='lat' dir='ltr'>tauta</span> <span class='ocrx_word' id='word_1_311' title='bbox 305 2894 408 2946; x_wconf 85' lang='lat' dir='ltr'>levitate</span> <span class='ocrx_word' id='word_1_312' title='bbox 426 2897 530 2948; x_wconf 83' lang='lat' dir='ltr'>Athonis</span> <span class='ocrx_word' id='word_1_313' title='bbox 550 2899 691 2962; x_wconf 84' lang='lat' dir='ltr'>excogitari</span> <span class='ocrx_word' id='word_1_314' title='bbox 709 2907 733 2947; x_wconf 92' lang='lat' dir='ltr'>et</span> <span class='ocrx_word' id='word_1_315' title='bbox 751 2899 820 2949; x_wconf 91' lang='lat' dir='ltr'>credi</span> <span class='ocrx_word' id='word_1_316' title='bbox 840 2914 855 2948; x_wconf 91' lang='lat' dir='ltr'>a</span> <span class='ocrx_word' id='word_1_317' title='bbox 872 2899 991 2964; x_wconf 88' lang='lat' dir='ltr'>plurimis</span> <span class='ocrx_word' id='word_1_318' title='bbox 1014 2896 1132 2948; x_wconf 84' lang='lat' dir='ltr'>solebant</span> 
     </span>
     <span class='ocr_line' id='line_1_37' title="bbox 121 2962 1135 3031; baseline 0.003 -21"><span class='ocrx_word' id='word_1_319' title='bbox 121 2969 149 3011; x_wconf 92' lang='lat' dir='ltr'>ut</span> <span class='ocrx_word' id='word_1_320' title='bbox 162 2974 224 3010; x_wconf 79' lang='lat' dir='ltr'>sera</span> <span class='ocrx_word' id='word_1_321' title='bbox 246 2962 278 3012; x_wconf 91' lang='lat' dir='ltr'>ab</span> <span class='ocrx_word' id='word_1_322' title='bbox 297 2963 361 3015; x_wconf 83' lang='lat' dir='ltr'>lictis</span> <span class='ocrx_word' id='word_1_323' title='bbox 381 2965 490 3016; x_wconf 87' lang='lat' dir='ltr'>discerni</span> <span class='ocrx_word' id='word_1_324' title='bbox 511 2982 568 3019; x_wconf 88' lang='lat' dir='ltr'>raro</span> <span class='ocrx_word' id='word_1_325' title='bbox 592 2967 729 3031; x_wconf 86' lang='lat' dir='ltr'>potuerint.</span> <span class='ocrx_word' id='word_1_326' title='bbox 766 2966 915 3031; x_wconf 71' lang='lat' dir='ltr'>eujusmodi</span> <span class='ocrx_word' id='word_1_327' title='bbox 937 2965 1064 3029; x_wconf 82' lang='lat' dir='ltr'>estquod</span> <span class='ocrx_word' id='word_1_328' title='bbox 1083 2965 1135 3015; x_wconf 91' lang='lat' dir='ltr'>De-</span> 
     </span>
     <span class='ocr_line' id='line_1_38' title="bbox 122 3027 1133 3102; baseline 0.004 -23"><span class='ocrx_word' id='word_1_329' title='bbox 122 3027 278 3080; x_wconf 85' lang='lat' dir='ltr'>mosthenem</span> <span class='ocrx_word' id='word_1_330' title='bbox 291 3032 346 3096; x_wconf 77' lang='lat' dir='ltr'>jam</span> <span class='ocrx_word' id='word_1_331' title='bbox 364 3042 437 3084; x_wconf 88' lang='lat' dir='ltr'>autea</span> <span class='ocrx_word' id='word_1_332' title='bbox 454 3036 616 3102; x_wconf 86' lang='lat' dir='ltr'>aPhilippo,</span> <span class='ocrx_word' id='word_1_333' title='bbox 634 3037 665 3085; x_wconf 89' lang='lat' dir='ltr'>ab</span> <span class='ocrx_word' id='word_1_334' title='bbox 685 3035 891 3096; x_wconf 86' lang='lat' dir='ltr'>Euboeeusibus,</span> <span class='ocrx_word' id='word_1_335' title='bbox 911 3036 943 3084; x_wconf 87' lang='lat' dir='ltr'>alr</span> <span class='ocrx_word' id='word_1_336' title='bbox 963 3034 1133 3101; x_wconf 72' lang='lat' dir='ltr'>Amphissos-</span> 
     </span>
     <span class='ocr_line' id='line_1_39' title="bbox 120 3097 1133 3169; baseline 0.003 -21"><span class='ocrx_word' id='word_1_337' title='bbox 120 3097 192 3149; x_wconf 86' lang='lat' dir='ltr'>srous</span> <span class='ocrx_word' id='word_1_338' title='bbox 208 3107 232 3147; x_wconf 89' lang='lat' dir='ltr'>ct</span> <span class='ocrx_word' id='word_1_339' title='bbox 249 3100 281 3148; x_wconf 88' lang='lat' dir='ltr'>ab</span> <span class='ocrx_word' id='word_1_340' title='bbox 296 3115 355 3166; x_wconf 81' lang='lat' dir='ltr'>rege</span> <span class='ocrx_word' id='word_1_341' title='bbox 369 3102 502 3155; x_wconf 87' lang='lat' dir='ltr'>Persarum</span> <span class='ocrx_word' id='word_1_342' title='bbox 515 3105 626 3169; x_wconf 89' lang='lat' dir='ltr'>pecunia</span> <span class='ocrx_word' id='word_1_343' title='bbox 638 3112 783 3169; x_wconf 87' lang='lat' dir='ltr'>corruptum</span> <span class='ocrx_word' id='word_1_344' title='bbox 795 3104 876 3155; x_wconf 87' lang='lat' dir='ltr'>fuisse</span> <span class='ocrx_word' id='word_1_345' title='bbox 888 3111 973 3153; x_wconf 86' lang='lat' dir='ltr'>narrat</span> <span class='ocrx_word' id='word_1_346' title='bbox 990 3101 1133 3153; x_wconf 76' lang='lat' dir='ltr'>Aeschines</span> 
     </span>
     <span class='ocr_line' id='line_1_40' title="bbox 120 3168 1133 3239; baseline 0.002 -23"><span class='ocrx_word' id='word_1_347' title='bbox 120 3168 271 3217; x_wconf 85' lang='lat' dir='ltr'>inoratioue</span> <span class='ocrx_word' id='word_1_348' title='bbox 289 3178 376 3219; x_wconf 86' lang='lat' dir='ltr'>contra</span> <span class='ocrx_word' id='word_1_349' title='bbox 388 3171 575 3239; x_wconf 86' lang='lat' dir='ltr'>Ctesiphontem</span> <span class='ocrx_word' id='word_1_350' title='bbox 594 3188 620 3237; x_wconf 90' lang='lat' dir='ltr'>p.</span> <span class='ocrx_word' id='word_1_351' title='bbox 639 3172 681 3224; x_wconf 83' lang='grc'>65.</span> <span class='ocrx_word' id='word_1_352' title='bbox 693 3188 763 3235; x_wconf 89' lang='lat' dir='ltr'>seqq.</span> <span class='ocrx_word' id='word_1_353' title='bbox 783 3172 928 3235; x_wconf 77' lang='lat' dir='ltr'>famamque</span> <span class='ocrx_word' id='word_1_354' title='bbox 946 3172 978 3223; x_wconf 89' lang='lat' dir='ltr'>de</span> <span class='ocrx_word' id='word_1_355' title='bbox 996 3184 1059 3223; x_wconf 84' lang='lat' dir='ltr'>auro</span> <span class='ocrx_word' id='word_1_356' title='bbox 1071 3172 1133 3221; x_wconf 87' lang='lat' dir='ltr'>Pcr-</span> 
     </span>
     <span class='ocr_line' id='line_1_41' title="bbox 121 3234 1132 3361; baseline 0.002 -76"><span class='ocrx_word' id='word_1_357' title='bbox 121 3234 415 3355; x_wconf 48' lang='lat' dir='ltr'>sioohquod¹a3mgerit</span> <span class='ocrx_word' id='word_1_358' title='bbox 433 3250 464 3358; x_wconf 59' lang='grc' dir='ltr'>1ιιἹι</span> <span class='ocrx_word' id='word_1_359' title='bbox 482 3240 1132 3361; x_wconf 43' lang='grc' dir='ltr'>οὲηιιιέΙΜιοιῗιοιιιᾷίιιιοῙεὲιι,ἳοιερὲιὲιιιιοιοιίριο-</span> 
     </span>
     <span class='ocr_line' id='line_1_42' title="bbox 120 3318 1131 3372; baseline 0.004 -19"><span class='ocrx_word' id='word_1_360' title='bbox 120 3320 162 3354; x_wconf 89' lang='lat' dir='ltr'>res</span> <span class='ocrx_word' id='word_1_361' title='bbox 204 3320 236 3354; x_wconf 84' lang='lat' dir='ltr'>n:</span> <span class='ocrx_word' id='word_1_362' title='bbox 260 3318 285 3357; x_wconf 80' lang='lat' dir='ltr'>v.</span> <span class='ocrx_word' id='word_1_363' title='bbox 327 3318 350 3354; x_wconf 83' lang='lat' dir='ltr'>ro</span> <span class='ocrx_word' id='word_1_364' title='bbox 370 3321 406 3356; x_wconf 89' lang='lat' dir='ltr'>or.</span> <span class='ocrx_word' id='word_1_365' title='bbox 467 3345 474 3372; x_wconf 84' lang='lat'>,</span> <span class='ocrx_word' id='word_1_366' title='bbox 517 3345 534 3371; x_wconf 90' lang='lat'>.,</span> <span class='ocrx_word' id='word_1_367' title='bbox 590 3320 688 3360; x_wconf 92' lang='lat' dir='ltr'>utarc.</span> <span class='ocrx_word' id='word_1_368' title='bbox 739 3323 767 3358; x_wconf 89' lang='lat'>1.</span> <span class='ocrx_word' id='word_1_369' title='bbox 828 3347 835 3361; x_wconf 92' lang='lat'><strong>.</strong></span> <span class='ocrx_word' id='word_1_370' title='bbox 896 3345 903 3359; x_wconf 87' lang='lat'><strong><em>.</em></strong></span> <span class='ocrx_word' id='word_1_371' title='bbox 931 3318 938 3332; x_wconf 93' lang='lat'><strong>·</strong></span> <span class='ocrx_word' id='word_1_372' title='bbox 968 3347 984 3370; x_wconf 92' lang='lat'>.,</span> <span class='ocrx_word' id='word_1_373' title='bbox 1032 3323 1073 3360; x_wconf 90' lang='lat' dir='ltr'>om</span> <span class='ocrx_word' id='word_1_374' title='bbox 1094 3321 1131 3356; x_wconf 89' lang='lat' dir='ltr'>ar.</span> 
     </span>
     <span class='ocr_line' id='line_1_43' title="bbox 121 3322 1132 3442; baseline 0.002 -19"><span class='ocrx_word' id='word_1_375' title='bbox 121 3372 298 3426; x_wconf 81' lang='lat' dir='ltr'>Demosthenis</span> <span class='ocrx_word' id='word_1_376' title='bbox 316 3389 374 3424; x_wconf 90' lang='lat' dir='ltr'>cum</span> <span class='ocrx_word' id='word_1_377' title='bbox 391 3374 512 3426; x_wconf 83' lang='lat' dir='ltr'>Cicerone</span> <span class='ocrx_word' id='word_1_378' title='bbox 530 3393 553 3429; x_wconf 84' lang='lat' dir='ltr'>c.</span> <span class='ocrx_word' id='word_1_379' title='bbox 577 3379 613 3442; x_wconf 82' lang='grc'>3.,</span> <span class='ocrx_word' id='word_1_380' title='bbox 636 3376 877 3431; x_wconf 87' lang='lat' dir='ltr'>Pseudo-Plutarch.</span> <span class='ocrx_word' id='word_1_381' title='bbox 903 3379 930 3427; x_wconf 90' lang='lat' dir='ltr'>iu</span> <span class='ocrx_word' id='word_1_382' title='bbox 948 3378 1017 3429; x_wconf 90' lang='lat' dir='ltr'>Vitls</span> <span class='ocrx_word' id='word_1_383' title='bbox 1043 3322 1132 3427; x_wconf 54' lang='lat' dir='ltr'>dele&#39;em</span> 
     </span>
     <span class='ocr_line' id='line_1_44' title="bbox 121 3441 1132 3511; baseline 0.004 -21"><span class='ocrx_word' id='word_1_384' title='bbox 121 3451 184 3492; x_wconf 87' lang='lat' dir='ltr'>orat.</span> <span class='ocrx_word' id='word_1_385' title='bbox 203 3458 231 3509; x_wconf 89' lang='lat' dir='ltr'>p.</span> <span class='ocrx_word' id='word_1_386' title='bbox 249 3441 301 3495; x_wconf 81' lang='lat'>847</span> <span class='ocrx_word' id='word_1_387' title='bbox 320 3442 358 3502; x_wconf 75' lang='lat' dir='ltr'>F„</span> <span class='ocrx_word' id='word_1_388' title='bbox 376 3442 610 3511; x_wconf 80' lang='lat' dir='ltr'>Philostratum‘p.</span> <span class='ocrx_word' id='word_1_389' title='bbox 630 3447 701 3508; x_wconf 65' lang='lat'>538„</span> <span class='ocrx_word' id='word_1_390' title='bbox 726 3446 855 3497; x_wconf 77' lang='lat' dir='ltr'>fustinum</span> <span class='ocrx_word' id='word_1_391' title='bbox 874 3446 919 3508; x_wconf 90' lang='lat'>11,</span> <span class='ocrx_word' id='word_1_392' title='bbox 937 3449 963 3497; x_wconf 77' lang='lat'>².</span> <span class='ocrx_word' id='word_1_393' title='bbox 999 3445 1132 3508; x_wconf 81' lang='lat' dir='ltr'>Quinqua-</span> 
     </span>
    </p>
   </div>
   <div class='ocr_carea' id='block_1_7' title="bbox 0 0 1174 3894">
    <p class='ocr_par' dir='ltr' id='par_1_7' title="bbox 0 0 1174 3894">
     <span class='ocr_line' id='line_1_45' title="bbox 0 0 1174 3894; baseline 0 0"><span class='ocrx_word' id='word_1_394' title='bbox 0 0 1174 3894; x_wconf 95' lang='lat' dir='ltr'> </span> 
     </span>
    </p>
   </div>
  </div>
 </body>
</html>
