2340 3894
144 200 221 243 ων
556 178 773 239 PRAEFATIO.

143 358 190 408 est
203 352 391 407 inconstantia
404 365 488 422 quam
500 349 1000 421 extotatiissoriptorumquorumvis
1009 349 1153 407 codicibus

143 436 286 507 cognitam
300 433 447 491 hahemus.
476 433 663 491 Nihilominus
678 434 745 488 talia
760 448 872 504 quoque
888 436 923 490 ab
937 433 1090 490 Ducbnero
1105 450 1153 507 por

145 536 246 576 omnes
260 519 459 576 Demosthenis
477 518 619 574 orationes
635 519 774 573 constanti
791 533 859 573 cura
875 522 1011 574 annotata
1023 519 1053 575 in
1076 519 1153 575 sone

143 603 190 660 dis
206 603 276 659 meis
291 602 392 673 habeo,
411 603 464 658 sed
480 619 514 657 ea
528 603 635 657 ratione
650 601 685 657 iis
703 618 771 658 usus
785 618 847 657 sum
864 618 948 672 quam
962 618 1052 675 supra
1068 605 1154 676 signi·

132 687 275 763 'dicabam
303 687 420 744 Omnem
437 685 599 758 hujusmodi
612 686 766 756 scripturae
784 685 977 742 diversitatem
987 688 1037 758 qui
1049 689 1153 745 enotui

143 773 386 845 operaepretium
405 771 511 827 habent
527 771 582 826 hoc
602 772 700 826 saltem
718 786 817 825 curare
838 771 942 826 veliem
965 786 1002 826 ne
1018 787 1072 844 per
1092 772 1154 829 reii-

144 866 230 929 quam
245 856 374 912 lectionis
389 857 552 911 varietatem
568 854 771 926 dispergerent,
784 854 837 910 sed
854 855 883 909 in
905 857 1000 927 capita
1014 873 1068 912 sua
1081 857 1152 912 divi·

144 958 207 997 sam
221 940 400 1008 exhiberent,
417 940 500 1012 ¹quod
517 941 639 1010 exempti
665 954 768 995 caussa
796 939 907 995 duabus
930 942 960 995 in
981 942 1153 998 orationihus

144 1023 231 1092 (XIV.
249 1030 277 1079 et
288 1024 364 1094 XV.)
392 1024 465 1080 inira
490 1024 553 1079 ieci.
596 1024 669 1078 Nam
685 1021 738 1078 hae
767 1025 829 1078 sola
853 1024 963 1080 ratione
978 1024 1100 1081 officitur
1124 1030 1154 1082 ut

143 1122 217 1180 quae
233 1108 269 1164 sit
284 1107 392 1164 codicis
414 1105 589 1164 consuetudo
607 1123 664 1161 uno
679 1109 758 1179 quasi
783 1109 880 1163 obtutu
900 1108 1018 1165 videant
1035 1110 1152 1167 lectores

142 1198 172 1247 et
189 1208 273 1264 quam
287 1193 392 1248 inutilis
412 1193 448 1248 sit
459 1190 618 1248 istiusmodi
634 1193 747 1263 farrago
762 1192 925 1264 intelligant.

236 1407 341 1483 XIV.
373 1410 467 1499 Περὶ
484 1410 556 1481 cciv
568 1409 781 1500 συμμοριῶν
794 1427 837 1499 (p.
848 1409 1022 1497 lis—189.)
1031 1437 1062 1485 et
1096 1466 1100 1471 .

192 1523 277 1599 XV.
305 1527 399 1618 Περὶ
412 1528 476 1619 τῆς
484 1516 633 1596 Ῥοδίων
651 1529 862 1625 ἐλευθερίας
875 1541 917 1614 (p.
932 1547 1116 1617 190.-201.)

190 1677 297 1737 Codex
318 1676 350 1738 S
374 1676 503 1737 collatus
526 1690 596 1736 eum
618 1671 755 1734 editione
775 1673 912 1734 Bekkeri
934 1671 1115 1737 Osoniensi.

271 1792 291 1847 Ι.
322 1791 411 1848 Addit
426 1809 465 1846 νν
452 1774 694 1862 testimonio
708 1795 771 1844 ante
786 1794 978 1845 consonantes

228 1878 258 1932 Ρ.
278 1878 336 1945 178,
347 1882 374 1934 2.
387 1871 749 1976 δοκοῦσινιιροαιρεῖσθαι
832 1878 865 1932 8.
873 1858 1152 1945 instaurarentur-

143 1957 218 2012 σθαι
303 1963 363 2027 179,
381 1966 424 2018 21
449 1953 566 2032 itinero
585 1952 638 2014 καὶ
722 1963 782 2026 180,
798 1961 841 2016 28
871 1949 951 2012 ἐστὶν
965 1955 1152 2056 παρασκευῆς

231 2047 289 2110 183,
301 2049 344 2100 25.
362 2034 490 2115 λαχωσιν
506 2035 783 2137 παρεσκευασμένας
868 2045 965 2111 184,.3
992 2026 1067 2100 ασιν
1079 2031 1152 2101 νεα

142 2135 241 2179 σοιιιοι
327 2130 386 2195 185,
406 2133 450 2185 21.
472 2119 551 2181 ἔστιν
572 2112 656 2221 πρὸς
734 2131 793 2196 186,
812 2128 856 2184 23.
886 2084 1071 2202 dediceram}

116 2210 204 2277 ·189,
220 2214 266 2266 12.
288 2196 494 2280 concideram
579 2215 623 2269 13.
636 2191 709 2284 ηγέν
719 2226 789 2266 ποτε
875 2213 917 2270 17.
934 2199 1015 2269 οἶδεν
1031 2199 1151 2285 φανέντ’

226 2298 270 2353 24.
292 2283 594 2389 ἒπιχειρῶσινταύνῃ
657 2298 719 2362 191,
732 2300 774 2354 12.
791 2288 890 2349 ἴσασιν
904 2280 974 2364 τοὺς
1038 2302 1099 2364 192,
1112 2304 1153 2357 10

141 2362 373 2451 ἤρεσκενιαῦτα
456 2383 517 2448 193,
535 2383 560 2438 6.
568 2351 809 2479 ἠλευθέρωσεν·
819 2372 872 2433 καὶ
957 2387 999 2440 19.
1017 2368 1155 2456 &pedm

141 2455 287 2534 βασιλέως
372 2467 432 2532 194,
450 2470 494 2521 25.
520 2451 744 2520 ἀπολωλέκασιν
761 2455 812 2517 καὶ
898 2464 1001 2520 Contra
1024 2468 1083 2532 197,
1103 2470 1154 2537 19.,

93 2566 96 2571 ·
143 2547 190 2602 ubi
206 2563 280 2603 nune
292 2566 310 2602 ν
322 2533 552 2619 ἐφελκνστικὸν
545 2564 574 2604 rn
585 2548 640 2604 fine
655 2549 765 2620 periodi
776 2548 898 2619 positum
909 2554 952 2604 est
962 2567 1154 2625 κεκρασηαεν.

142 2622 194 2683 καὶ
206 2618 277 2686 ouidi
289 2637 352 2699 eta,
370 2632 524 2687 consentit
518 2647 546 2685 m
558 2634 674 2704 vulgato
687 2633 753 2688 olirn
764 2648 934 2708 νεκραιηνε.

268 2741 301 2794 ΙΙ.
327 2740 413 2796 Elidit
426 2743 542 2797 vocales

227 2825 330 2892 Ρ.,181
348 2829 373 2883 6
400 2812 461 2880 66
548 2832 590 2886 14
608 2811 671 2881 6”’
652 2845 692 2884 αν
777 2834 821 2888 22
837 2815 955 2902 ὑμέτερ’
970 2815 1072 2886 cirea

142 2909 202 2975 182,
216 2914 257 2966 10
276 2895 433 2964 πώποθ’
417 2910 491 3007 υμῖν
577 2916 673 2985 185,.4
697 2899 724 2966 6
744 2907 777 2967 οἵ
859 2919 901 2973 13.
918 2904 972 2969 dvc
975 2901 1155 2971 ’inoccat-

140 3007 192 3044 ναι
278 2997 337 3061 187,
356 2998 399 3052 24
421 2982 479 3050 τιν’
501 2981 603 3064 α6τοῖς
689 3000 749 3066 188,
768 3001 794 3056 6.
828 2981 971 3055 cited
951 3014 992 3052 αν
1014 2984 1155 3066 (οὗ6ενᾶν

142 3076 290 3147 scriptum)
378 3083 494 3146 19319.
508 3063 669 3177 σφρδράν
754 3085 814 3151 195,
825 3086 870 3142 26.
894 3069 920 3136 6’
943 3068 1154 3159 ὀλιγαρχουμέ-

140 3174 212 3227 νονς
297 3163 358 3228 197,
374 3167 419 3219 20.
434 3151 517 3219 τοῦτ’
530 3151 614 3240 αὐτῷ
699 3138 759 3237 197,
773 3169 817 3225 29.
837 3153 899 3220 6·ἐ
880 3162 1054 3250 αςφοβερα

267 3272 313 3328 ΙΙΙ.
338 3274 402 3331 Νοη
417 3277 495 3333 elidit
510 3280 625 3335 vocales

223 3356 254 3410 P.
277 3360 397 3428 17820
425 3349 565 3456 ἅρασῖος
650 3365 748 3434 1795.
769 3351 836 3420 6ὲὰ
921 3370 947 3424 6.
968 3351 1149 3422 vedastino-

138 3437 260 3494 κεῖσθαι
350 3450 393 3503 15.
418 3432 479 3522 ἄρα
500 3438 642 3522 ἐγχειρεῖν
728 3452 789 3522 180,
816 3453 861 3509 20.
888 3434 961 3505 it‘
944 3448 1021 3524 ημῖν
1105 3454 1149 3510 23
