2340 3894
412 206 700 268 Dllhlds'lllllltlch.
984 222 1061 265 mr

451 369 584 423 oum.
606 371 664 424 too.

165 500 193 553 l.
212 488 345 571 (mm)
362 493 609 569 Demophilus.
651 500 677 553 λ
692 487 800 572 (³⁷7⁸.)
816 493 939 549 Nicon.

168 596 197 653 d.
213 585 315 667 (³7⁸l‚)
330 592 356 648 N
364 593 565 649 ausinicus.
650 596 678 650 4.
694 583 807 664 (377.)
825 574 963 646 Callia}

134 724 164 778 4.
195 718 315 774 Moritur
336 724 416 791 pater
437 717 649 786 Demosthenis,
670 717 787 775 viduam
801 721 962 793 relinquens
983 718 1062 776 Cleo·

54 806 155 872 hulam,
172 802 262 859 illium
277 818 348 858 vero
363 808 487 875 septem,
506 802 591 858 liliam
608 802 729 874 quinque
744 809 771 857 et
786 803 862 875 quod
877 805 1000 860 excurrit
1014 820 1063 859 an·

56 902 104 944 uos
120 893 234 945 natam:
257 884 293 941 de
315 901 370 956 quo
392 886 480 958 ipsius
502 887 621 941 oratoris
644 884 800 943 testimonio
826 894 935 944 constat
957 888 985 943 in
1001 904 1063 942 ora·

58 972 129 1027 tione
153 977 254 1027 contra
274 968 424 1041 Aphobum
439 971 531 1041 prima
549 985 577 1040 p.
591 972 653 1027 814.
675 963 871 1043 Δημοσθένης
893 956 984 1044 οὑμὸς
1004 987 1062 1027 rre-

57 1040 107 1131 rr'pp
123 1047 282 1110 sortitam
294 1083 337 1094 -
358 1044 409 1126 ἐμὲ
426 1039 492 1109 ἕπτ’
510 1045 584 1108 ἑτῶν
600 1039 671 1113 ὄντα
684 1046 736 1108 καὶ
746 1040 802 1127 τὴν
818 1041 952 1128 ἀδελφὴν
966 1048 1062 1127 πέντε,

58 1132 98 1195 lm
112 1131 147 1195 dt
159 1124 217 1210 miv
229 1123 375 1214 ἡμετέραν
394 1130 505 1211 μητέρα
523 1125 709 1209 πεντήκοντα
731 1135 806 1211 μνᾶς
829 1134 869 1208 εὶς
888 1126 944 1213 τὴν
964 1134 1063 1195 οἰκίαν

57 1213 308 1299 εἰσενηνεγμένην.
345 1220 425 1277 Unde
446 1219 610 1276 Plutarchus
631 1220 668 1274 V.
690 1219 832 1279 Demosth.
853 1240 879 1279 c.
899 1228 926 1282 4.
943 1210 1062 1280 ἀπολει-

58 1293 178 1379 odelei
195 1296 394 1378 Δηροσθὲης
409 1290 470 1360 ὑπὸ
483 1300 538 1358 τοῦ
552 1289 663 1378 πατρὸς
680 1294 816 1375 muscos
831 1298 863 1361 ἐν
878 1295 1011 1386 εὐπορίᾳ.
1037 1312 1065 1363 et

58 1388 349 1447 Pseudo-Plutarchus
371 1389 399 1443 in
421 1388 458 1443 V.
474 1386 572 1442 decem
584 1392 653 1441 orat.
669 1402 698 1458 p.
714 1391 776 1447 844.
798 1391 832 1443 Α.
853 1383 1065 1461 καταλειφθεὶς

60 1460 115 1531 ‘emti
130 1469 186 1529 rori
202 1457 315 1547 πατρὸς
325 1463 400 1527 ἐτῶν
416 1456 491 1527 heda
512 1456 576 1544 μετ’
595 1457 726 1542 ἀδελφῆς
748 1465 941 1541 πενταέτιδος.
986 1474 1064 1541 Quae

60 1558 100 1615 sic
124 1564 189 1613 sunt
210 1554 393 1628 intelligenda
419 1562 448 1611 ut
470 1554 674 1611 Demosthenes
700 1556 833 1626 septimo,
863 1573 943 1612 soror
968 1557 1065 1627 quinto

60 1642 157 1697 aetatis
171 1656 245 1697 anno
263 1644 374 1709 exacto,
388 1640 451 1711 ipse
467 1644 612 1704 octavum,
630 1654 710 1693 soror
724 1644 833 1695 sextum
849 1640 944 1712 egisse
961 1654 1065 1696 annum

61 1724 167 1781 dicatur
182 1741 238 1797 quo
249 1728 376 1795 tempore
386 1730 466 1795 pater
479 1722 665 1778 moriebatur:
683 1721 719 1777 de
734 1740 789 1794 qua
803 1724 910 1779 ratione
925 1725 997 1780 conl.
1013 1724 1066 1779 suh

62 1810 164 1881 olymp.
186 1811 248 1877 103,
266 1810 293 1865 2.
346 1808 428 1863 Pater
448 1822 533 1877 quum
554 1811 670 1861 mortem
697 1807 921 1881 appropinquare
944 1808 1067 1875 sentiret,

62 1896 253 1948 testamentum
270 1892 390 1958 lecerat,
417 1891 445 1945 in
475 1906 529 1962 quo
552 1888 623 1945 haec
649 1890 823 1963 praescripta
843 1893 966 1963 luerunt,
993 1906 1067 1964 quae

64 1976 161 2032 rettulit
175 1970 380 2031 Demosthenes
401 1976 419 2032 l.
434 1991 459 2030 c.
474 1991 501 2046 p.
517 1977 579 2032 814.
608 1973 725 2031 Tutores
746 1975 841 2031 liberis
862 1977 920 2032 suis
942 1977 1068 2048 elegerat

66 2057 217 2130 llphobum‚
234 2059 341 2114 sororis
354 2074 422 2114 suae
433 2056 529 2125 filium,
547 2056 810 2128 ctDemophontem‚
825 2059 958 2115 Demonls
974 2059 1067 2115 lratris

64 2140 161 2213 filium,
182 2142 351 2213 tertiumque
372 2142 537 2214 adjunxerat
559 2140 756 2213 'lherippidem
771 2142 986 2210 Paeaniensem,
1011 2157 1067 2196 non

65 2232 210 2299 cognatum
225 2225 354 2298 quidem,
376 2225 429 2281 sed
449 2225 570 2280 familiae
594 2239 662 2280 suae
681 2230 778 2280 vetere
799 2226 920 2282 amicitia
932 2228 1067 2297 junctum.

64 2308 135 2366 Duos
157 2316 251 2367 antem
273 2315 408 2381 cognatos
433 2309 496 2365 illos
517 2315 546 2363 ut
567 2309 685 2363 arctiore
712 2308 796 2363 etiam
816 2308 928 2364 vinculo
947 2308 1068 2362 familiae

65 2408 129 2449 suae
152 2393 337 2466 adjungeret,
360 2392 480 2464 Aphobo
503 2393 661 2462 injunxerat
680 2396 710 2445 ut
724 2389 885 2445 cleobulum
904 2390 1018 2445 viduam
1040 2390 1069 2445 in

64 2476 267 2533 matrimonium
279 2475 423 2547 duceret¹)
435 2491 498 2532 cum
510 2473 652 2546 octoginta
663 2475 801 2529 minarum
814 2472 879 2528 dote
894 2472 1069 2545 aedibusque

67 2561 119 2616 suis
142 2578 207 2617 cum
232 2561 308 2615 omni
330 2559 502 2631 supellectile
526 2564 647 2614 uteretur
671 2556 762 2613 donec
776 2555 979 2613 Demosthenes
994 2556 1069 2613 lilius

67 2640 173 2701 adultus
189 2649 281 2706 esset;
298 2642 483 2714 Demophonti
499 2641 556 2697 duo
570 2643 674 2698 talenta
688 2642 781 2698 statim
802 2640 940 2699 solvenda
954 2642 1068 2713 legave-

67 2735 105 2782 rat
118 2743 154 2784 ea
169 2726 331 2784 conditione
345 2732 375 2781 ut
389 2724 473 2782 filiam
488 2731 546 2780 tum
562 2731 739 2797 septennem,
755 2725 866 2797 quando
883 2724 984 2781 nubilis
997 2726 1071 2781 laeta

67 2819 145 2880 esset,
159 2811 293 2879 duceret3
309 2808 472 2883 Therippidi
490 2809 609 2880 denique
624 2809 801 2881 septuaginta
816 2811 953 2865 minarum
969 2824 1070 2865 usuras

66 2901 244 2952 concesserat
260 2910 350 2965 usque
368 2894 434 2950 dum
450 2894 556 2948 virilem
572 2899 690 2948 aetatem
705 2894 843 2973 attigisset
857 2891 1069 2958 Demosthenes,

67 2977 84 3032 i.
102 2995 127 3033 e.
141 2995 235 3051 usque
251 2976 288 3033 ad
305 2977 569 3050 duodevigesimum
584 2976 683 3032 aetatis
698 2991 810 3033 annum.
838 2975 945 3057 ltahoc
961 2992 992 3033 se
1006 2991 1071 3032 con·

67 3068 226 3119 secretorum
257 3077 322 3117 esse
350 3062 481 3135 sperabat
508 3067 538 3116 ut
567 3065 671 3115 tutores
698 3074 754 3115 non
783 3062 872 3117 solum
893 3060 1071 3132 pupillorum,
1122 3096 1125 3101 ·

67 3146 221 3203 sedetiam
244 3145 370 3218 ipsorum
397 3146 533 3201 interesse
560 3148 709 3200 censerent
736 3151 766 3201 ut
790 3143 988 3217 patrimonium
1014 3156 1071 3198 non

131 3330 162 3396 a)
179 3327 306 3380 Similiter
324 3327 399 3376 Pasio
415 3340 522 3376 uxorem
545 3340 618 3377 suam
642 3322 789 3390 Archippen
812 3323 908 3388 legarit
924 3318 1072 3370 Phormioni

68 3396 311 3530 diribtffftiitii
336 3394 466 3457 multaque
489 3394 661 3460 supellectile:
680 3394 740 3444 ride
769 3400 833 3442 orat.
854 3397 944 3448 ¹contre
965 3384 1072 3450 Stepha-
