2340 3894
212 189 851 254 υπεεΜεΓΑΛοιιοΛινιιιι
944 176 1016 257 ’σε
1047 287 1048 290 ¹

53 354 188 435 τούτοις
204 358 338 421 ἐναντία
354 354 502 435 ἐκείνων,
514 349 587 436 μεθ’
602 343 652 419 οἷν
669 349 735 422 τότ’
747 355 1014 441 ἐκινδυνεύομεν.

55 452 158 541 κάμοῖ
174 460 278 520 ταῦτα
299 454 405 535 δοκεῖ,
431 453 651 533 προσδεῖσθαι
669 449 700 519 δ’
714 456 763 519 δτι
773 460 837 520 τού
852 451 892 520 τά
904 458 1015 522 δίκαια

28 566 166 622 ῖιτοιείν
181 549 369 619 ἐθελόντων
385 555 453 615 τοδν
473 548 605 632 ἑτέρων.
638 555 669 618 εί
683 550 745 635 μὲν
761 557 879 618 τοίνυν
894 547 1015 638 ἐθελή-

56 673 179 721 σουσιν
200 649 337 735 εἰρήνην
357 646 502 725 ἅπαντες
522 646 627 732 άγειν,
651 645 693 716 ού
710 648 927 736 βοηθήσομεν
947 664 1017 729 τοῖς

55 753 349 836 Μεγαλοπολίταις
357 749 367 786 ·’
388 743 489 814 οὐδὲν
499 743 563 831 γάρ
576 745 701 831 δεήσει·
725 744 799 816 ὅστ’
810 746 886 817 οὐδ’
899 747 1016 818 ὁτιοῦν

56 846 262 917 ὑπεναντίον
272 841 352 931 ἡμῖν
362 850 453 913 ἔσται
463 842 632 931 πρὸςτούς
642 850 1012 934 συμπαραταξαμένους,

56 946 226 1033 σύμμαχοι
236 940 268 1010 δ’
281 941 362 1030 ήμῖν
373 948 407 1010 οῖ
415 944 476 1028 μὲν
487 941 715 1031 ὑπάρχουσιν,
734 943 779 1024 ὥς
795 967 909 1030 φασιν,
932 952 967 1017 οί
976 947 1012 1015 δὲ

29 1042 344 1132 επροσγενήσονται
355 1049 440 1109 νυνί.
464 1045 519 1111 καὶ
530 1050 562 1111 τί
570 1043 615 1110 δν
625 1041 707 1111 άλλο
718 1049 941 1130 βουλοίμεθα;
953 1044 1013 1112 ἐὰν
1045 1102 1048 1110 ,

56 1141 88 1211 δ’
101 1140 243 1211 άδικωσι
254 1143 309 1210 καὶ
320 1149 475 1226 πολεμεῖν
487 1152 621 1209 οἴωνται
632 1146 712 1227 δεῖν,
722 1149 752 1211 εί
760 1142 822 1228 μὲν
832 1139 916 1229 ὑπὲρ
933 1142 1014 1211 τού-

56 1241 119 1310 του
135 1242 244 1327 μόνον
260 1245 476 1328 βουλευτέον,
500 1246 531 1308 εί
544 1245 606 1326 χρή
623 1242 788 1327 Μεγάλην
810 1241 910 1311 πόλιν
925 1240 1013 1329 ἡμεῖς

57 1343 225 1426 προέσθαι
234 1345 510 1425 Λακεδαιμονίοις
519 1333 614 1425 ήμή,
632 1344 764 1408 δίκαιον
785 1336 915 1426 μὲνού,
929 1347 1079 1426 ‹my-204

55 1447 155 1526 χωρεῖ
172 1435 203 1505 δ’
222 1435 314 1524 ἔγωγ’
330 1441 425 1507 ἐάσαι
440 1439 497 1506 καὶ
512 1436 616 1523 μηδὲν
633 1440 878 1524 ἐναντιωθῆναι
893 1453 961 1516 τοῖς
976 1464 1014 1523 γε

55 1546 126 1607 τεᾶν
135 1531 250 1605 αὐτοῖν
265 1545 465 1624 μετασχοῦσι
482 1537 666 1603 κινδύνων·
690 1543 722 1605 εί
736 1534 768 1604 δ’
781 1535 926 1616 ἅπαντες
943 1541 1015 1606 ἐπί-

55 1632 266 1722 στασθεδτι,
287 1635 412 1722 ταύτην
429 1629 474 1702 άν
489 1636 626 1722 ἕλωσιν,
648 1644 739 1704 ίασιν
756 1637 805 1705 ἰπὶ
811 1636 1012 1723 Μεσσήνην,

57 1733 219 1822 φρασάτω
230 1761 279 1814 τις
290 1737 360 1821 ἐμοὶ
371 1740 440 1802 τῶν
450 1743 517 1801 νῦν
534 1741 688 1819 χαλεποῖο
697 1749 766 1814 τοῖς
776 1741 1006 1820 Μεγαλοπολύ

55 1861 145 1918 τοις,
166 1841 201 1902 τί
218 1830 289 1902 τόθ’
308 1830 389 1919 ἡμῖν
408 1833 651 1918 συμβουλεύσει
670 1847 789 1912 ποιεῖν.
821 1829 889 1901 ἄλλ’
902 1831 1014 1914 οὐδεὶς

33 1937 131 2019 εέρεῖ.
166 1929 301 2018 καὶμὴν
312 1932 433 2010 πάντες
443 1934 621 2000 ἐπίστασθε
633 1929 678 2011 ὥς
688 1935 744 2000 καὶ
758 1933 1012 2017 παραινούντων

56 2030 188 2101 τούτων
206 2032 260 2098 καὶ
275 2027 320 2118 μή
332 2034 529 2118 βοηθητέον,
550 2034 605 2099 καί
622 2029 677 2100 διδ
694 2032 774 2111 τούς
790 2029 913 2117 ὅρκους
919 2083 929 2118 ,
952 2029 1012 2112 οδς

56 2129 278 2218 ὀμωμόκαμεν
288 2137 509 2216 Μεσσηνίοις,
531 2130 651 2198 καλδιά
672 2134 709 2199 τὸ
734 2137 907 2217 συμφέρον
929 2130 1014 2200 εἶναι

56 2219 285 2299 κατοικεῖσθαι
301 2230 426 2314 ταύτην
439 2227 505 2314 ’τήν
522 2230 630 2297 πόλιν.
668 2239 848 2297 σκοπεῖσθε
867 2228 907 2315 δή
926 2228 1012 2314 πρδς

57 2326 144 2416 ύμοῖς
155 2326 279 2407 αὐτούς
302 2331 446 2417 ποτέραν
457 2321 520 2412 τήν
530 2325 636 2411 άρχήν
644 2334 803 2396 καλλίονα
819 2330 875 2395 καὶ
892 2334 1014 2411 φιλαν-

57 2430 277 2515 θρωποτέραν
288 2426 468 2512 ποιήσεσθε
479 2432 540 2494 τοῦ
552 2425 596 2511 μὴ
609 2429 793 2511 ἐπιτρέπειν
804 2422 932 2494 ιἰδικεῖν
942 2435 1014 2493 Λα-

56 2530 295 2612 κεδαιμονίοις,
313 2523 376 2611 τήν
393 2521 478 2610 ὑπὲρ
494 2524 654 2611 Μεγάλης
672 2525 800 2603 πόλεως
814 2519 911 2611 ήτήν
928 2522 1014 2610 ὑπὲρ

21 2644 50 2699 10
57 2623 248 2712 Μεσσήνης.
282 2632 348 2691 νῦν
363 2626 425 2711 μέν
441 2649 479 2709 γε
495 2631 636 2711 βοηθεῖν
654 2624 764 2703 δόξειε
782 2620 931 2710 Ἀρκάσι,
958 2627 1013 2693 καλ
1070 2616 1074 2620 ’

58 2722 119 2813 τήν
130 2724 267 2810 εἰρήνην
278 2723 475 2804 σπουδάζειν
487 2722 571 2790 εἶναι
587 2730 744 2810 βεβαίαν,
766 2719 850 2809 ὑπὲρ
866 2714 907 2809 ής
924 2726 1014 2792 ἐκιν-

58 2825 241 2893 δυνεύσατε
262 2826 317 2891 καὶ
340 2824 584 2906 παρετάξασθε·
618 2824 692 2892 τότε
710 2821 742 2890 δ’
756 2822 892 2910 εύδηλοι
909 2831 1012 2891 πᾶσιν
1037 2869 1061 2924 η

57 2928 177 2993 ἔσεσθε
190 2920 233 2990 οὐ
250 2929 312 2990 τού
330 2927 459 2990 δικαίου
477 2931 605 3007 μάλλον
622 2924 720 2990 ἕνεκα
731 2922 916 3007 Μεσσήνην
927 2921 1012 2990 εἶναι

55 3017 288 3110 βουλόμενοιή
299 3028 359 3088 τοῦ
371 3020 454 3107 πρὸς
465 3025 749 3106 Λακεδαιμονίους
766 3020 884 3106 φόβου.
917 3023 969 3087 δεῖ
976 3019 1012 3088 δὲ

56 3135 193 3192 σκοπεῖν
209 3121 269 3207 μὲν
285 3123 340 3188 καὶ
361 3121 516 3206 πράττειν
533 3117 583 3186 ἀεὶ
599 3117 640 3185 τά
653 3123 773 3201 δίκαια,
796 3138 1013 3205 συμπαρατη-

55 3236 127 3308 ρεῖν
138 3219 170 3290 δ’
179 3219 268 3298 ὅπως
279 3218 346 3305 άμα
358 3222 413 3288 καὶ
424 3222 636 3304 συμφέροντα
647 3223 737 3284 ἔσται
746 3224 859 3284 ταῦτα.

19 3334 45 3386 11
131 3319 224 3388 Ἔστι
234 3311 351 3386 τοίνυν
360 3318 511 3396 τοιοῦτός
522 3343 570 3394 τις
580 3315 679 3400 λόγος
697 3314 786 3400 παρὰ
803 3323 871 3383 τοῖν
882 3313 1011 3380 άντιλε-

54 3418 205 3506 γύντεον,
229 3415 272 3497 ὡς
289 3423 492 3505 κομίσασθαι
507 3413 567 3483 τὸν
588 3412 741 3500 Ὠρωπὸν
754 3412 840 3500 ἡμᾶς
855 3415 1013 3495 ἐγχειρεῖν
