2340 3894
154 193 219 257 ³³0
369 191 441 251 ΧΙΧ.
475 184 895 251 ΔΗΜΟΣΘΕΝΟΥΣ

156 380 232 439 ρας,
254 349 299 438 ἣν
320 349 558 436 κεκρατηκέναι
577 371 612 413 τε
626 337 676 432 ’τῷ
693 349 825 433 πολέμῳ
836 324 914 432 φήσ
915 371 946 413 ει
894 347 1020 414 σκαὶ
1036 371 1111 432 χρη-

156 444 622 536 στοὺςέχεινστρατημούς,ε
606 411 880 529 είήότωςχρήμαι
884 440 1064 530 ἐἴληφεν
1088 449 1113 513 εί

156 549 219 620 δ”
202 576 239 620 εκ
252 574 372 634 ταυτης
383 573 500 633 αυτης,
518 551 609 621 τινος
618 568 694 611 ενεκ
697 539 775 626 ”ἐφ
789 538 869 628 ολςή
881 544 1042 629 πέμψασα
1053 543 1114 612 πό·

155 658 205 728 λις
216 656 284 716 τῶν
296 645 397 732 αὑτῆς
409 643 543 729 αἰπέστη,
554 643 608 710 ἐπὶ
618 641 748 719 τούτοις
759 666 858 720 ουτος
869 640 998 726 δωρεὰς
1009 664 1114 729 προσ-

156 746 269 835 λαβων
280 773 329 832 φα
330 753 452 824 ίςνεται
461 740 606 828 τῶνγὰρ
618 765 730 809 αυτων
741 740 1156 829 ἔδειτηντεπίμήιασανεεῖ

155 847 255 914 πολιν
264 870 442 930 τυμχανειν
454 838 597 920 καὶτοὺς
608 844 644 908 ἐκ
654 865 775 936 ταυτης
785 844 957 927 πρέσβεις,
980 849 1074 925 εῖιιερ
1083 866 1112 907 τι

96 966 147 1023 143
155 970 222 1011 των
240 947 378 1010 δικαίων
395 944 551 1025 ἐγίγνετο.
580 945 633 1006 ἔτι
648 948 763 1006 τοίνυν
781 935 915 1005 κακεῖνο
930 940 1111 1023 σκέψασθε,

102 1086 105 1093 ,
156 1068 182 1108 ω
170 1034 320 1125 ανδρες
337 1044 495 1108 δικασταί.
529 1037 630 1121 πότερ
634 1033 883 1105 ὀίεσθεπλέον
895 1040 1112 1159 ΦωκίαςΘη-

154 1135 292 1226 βαίοιν’“
268 1166 291 1224 η
302 1133 505 1205 Φίλιππον
486 1144 582 1222 υμαῑυ
594 1151 727 1221 κρατεῖν
737 1143 783 1225 τῷ
800 1137 949 1224 πολέμωι
971 1135 1087 1220 ἐγώ
1055 1161 1111 1221 μεν

154 1235 219 1322 γὰρ
231 1230 270 1304 εὖ
280 1233 343 1304 οἶδ’
362 1234 414 1304 ὅτι
426 1243 552 1312 Φωκεῖς
562 1241 728 1320 Θηβαίων.
761 1231 851 1318 εἶχόν
868 1259 905 1317 νε
913 1231 1110 1319 Ὀρχομενὸν

155 1337 210 1405 καὶ
220 1334 417 1421 Κορώνειαν
427 1333 531 1402 καὶτὰ
546 1341 795 1418 Τιλφωσσαῖον,
811 1334 866 1399 καὶ
877 1332 957 1412 τούς
968 1336 1006 1401 ἐν
1018 1335 1110 1401 Νέω-

156 1455 210 1502 σιν
222 1433 449 1520 ἀπειλήφεσαν
458 1430 587 1517 αὐτῶν,
609 1436 664 1499 καί
681 1430 981 1518 ἑβδομήκοντακαλ
999 1435 1110 1499 ἃιακο·

154 1540 248 1610 σίους
259 1529 486 1599 απεκτόνεσαν
496 1532 548 1598 ἐπὶ
558 1555 605 1619 τῳ
592 1529 788 1618 Ηίυλείω,
811 1531 868 1597 καὶ
882 1529 1050 1612 τρόπαιον
1066 1534 1109 1598 εί-

108 1630 284 1716 στήκει,
302 1655 358 1696 και
347 1629 613 1713 ίπποκρατουν,
631 1626 913 1707 καὶκακωνἸλιας
926 1630 1110 1715 περιειστή-

93 1746 144 1800 149
156 1756 208 1797 κει
219 1736 394 1816 Θηβαίους.
423 1726 502 1814 υμῖν
514 1728 551 1795 δὲ
561 1735 693 1795 τοιοῦτο
704 1729 765 1813 μὲν
776 1725 877 1796 οὐδὲν
888 1725 966 1795 οὔτ’
978 1720 1024 1814 ήν
1032 1728 1109 1814 μήτε

154 1835 284 1913 γένοιτο
306 1834 368 1894 τοῦ
390 1834 526 1909 λοιποῦ,
548 1832 647 1892 τοῦτο
669 1819 746 1892 δ’
723 1853 767 1912 ην
783 1852 821 1893 το
810 1825 1037 1894 δεινότατον
1052 1831 1109 1893 τοῦ

154 1949 240 2008 προς
250 1932 418 1993 Φιλιππου
428 1929 594 2008 πολέμου,
615 1948 678 1991 ουκ
689 1925 856 1993 ἐδυνασθε
874 1931 988 2003 κακοῖς
1015 1920 1107 2011 ἡλίκα

153 2023 336 2107 ἐβούλεσθε
366 2034 476 2087 ποιεῖν
499 2023 638 2088 ἐκεῖνον.
670 2030 732 2088 τοῦ
750 2024 794 2091 δὲ,
800 2020 845 2110 μή
863 2022 1005 2108 πάσχειν
1017 2021 1108 2090 αὐτοὶ

153 2129 266 2188 πᾶσαν
277 2118 394 2187 ἄδειαν
404 2119 508 2206 ήγετε.
545 2126 579 2188 τί
586 2118 660 2188 ποτ’
675 2113 739 2188 οὖν
748 2125 784 2190 ἐκ
795 2130 852 2207 τῆς
862 2120 967 2208 αὐτῆς
977 2121 1106 2208 εἰρήνης

153 2233 221 2298 τοῖς
237 2218 299 2304 μὲν
311 2224 483 2304 Θηβαίοις,
504 2232 573 2298 τοῖς
588 2227 730 2287 τοσοῦτο
741 2224 980 2305 κρατουμένοις
990 2229 1040 2309 τῷ
1049 2245 1107 2287 πο·

153 2322 257 2408 λέμρν,
280 2321 336 2386 καὶ
353 2315 393 2386 τὰ
411 2319 541 2386 ἑαυτῶν
557 2327 759 2404 κομίσασθαι
775 2321 830 2387 καὶ
846 2319 886 2385 τοὶ
896 2325 966 2386 τοῖν
978 2322 1107 2402 ἐχθροῖν

153 2424 354 2504 προσλαβεῖν
370 2419 503 2503 μέμονε,
526 2414 635 2494 τοῖςδ’
646 2414 834 2503 Αθηναιοις
845 2414 944 2502 υμῖν
966 2413 1107 2502 καὶᾶτρί

154 2521 287 2610 πολέμῳ
305 2516 493 2602 διεσώζετο,
516 2523 598 2583 ταῦτ
603 2513 785 2601 ’ἐπλτήςεί
785 2512 1106 2602 ρήνηςᾶπολωλεκέ-

153 2640 225 2693 ναις
247 2642 299 2682 οτι
309 2623 471 2683 τακεινων
482 2641 543 2700 μεν
554 2612 617 2682 οὐκ
629 2612 784 2682 απέδοντ’
797 2641 815 2681 ο
816 2618 1012 2700 ίπρέσβεις,
1024 2609 1105 2680 ταδ’

152 2708 295 2796 ὑμέτερα
312 2738 404 2779 ουτοι
423 2713 640 2796 πεπρακασιν.
673 2711 724 2781 ὅτι
739 2739 803 2798 γαρ
821 2709 925 2779 ταῦθ’
945 2711 1037 2793 οὕτω
1053 2714 1108 2778 πέ-
1143 2728 1151 2739 ’

153 2831 311 2893 πρακται,
323 2813 378 2877 καὶ
389 2813 425 2877 ἐκ
436 2836 504 2876 των
515 2813 695 2878 ἐπιλοίπων
705 2817 751 2878 ἔτι
763 2818 891 2896 μαλλον
902 2819 1046 2878 εἴσεσθε.

92 2934 143 2986 150
232 2904 361 2993 Ἐπειδὴ
377 2906 442 2993 γὰρ
459 2904 480 2994 ή
497 2910 557 2993 μὲν
574 2909 688 2994 εἰρήνη
704 2912 797 2986 τέλος
813 2906 899 2992 εἶχεν
915 2905 1001 2993 αὕτη
1013 2904 1035 2995 ή
1047 2914 1105 2975 τοῦ

154 3007 397 3092 Φιλοκράτους,
414 2999 437 3096 ή
448 3020 605 3075 συνεῖπεν
617 2999 715 3085 οὗτος
722 3057 732 3090 ,
748 3011 783 3075 οί
791 3006 828 3074 δὲ
838 3007 993 3092 πρέσβεις
1003 3003 1110 3094 ἀπήρ-

153 3122 256 3174 κεσαν
266 3109 301 3172 οί
309 3113 544 3173 τοῦΦιλίππου
554 3106 712 3192 λαβόντες
720 3103 799 3183 τοὺς
808 3103 931 3189 ὅρκους
939 3106 1158 3192 (καὶμέχριῖῖθ

153 3203 277 3272 τούτου
287 3229 326 3289 γε
335 3202 436 3272 οὐδὲν
445 3201 631 3289 ἀνήκεστον
641 3196 684 3289 ήν
694 3210 762 3270 τῶν
773 3204 1028 3289 πεπραγμένων,
1041 3198 1106 3270 ἀλλ’

155 3300 270 3389 αἰσχρὰ
289 3301 351 3387 μὲν
366 3299 387 3387 ή
403 3301 518 3387 εἰρήνη
534 3304 590 3369 καὶ
606 3298 724 3380 ἀναξία
740 3308 799 3386 τῆς
814 3300 959 3384 πόλεως,
984 3298 1060 3368 ἀντὶ
1076 3299 1109 3366 ὄλ

153 3403 285 3468 τούτων
296 3398 388 3488 δήτᾶ
398 3400 572 3485 θαυμάσια
582 3397 695 3486 ἀγαθοὶ
706 3397 785 3485 ἡμῖν
795 3405 931 3486 ἔμελλεν
947 3403 1106 3481 ἔσεσθαι),
