2340 3894
142 190 201 255 156
346 186 419 247 xlv„
463 178 880 248 ΔΗΜΟΣΘΕΝΟῬΣ
922 236 927 243 .

137 375 202 428 τας
213 345 258 417 άν
270 343 386 435 ἄρισθ’
399 341 826 433 ήγοῦμαικαῖπονισδήναι
834 346 890 412 καὶ
899 363 1093 429 παρασκευ-

139 457 304 535 ασθῆναι·
323 446 495 533 πλήρωσιν
513 443 566 524 δὲ,
589 439 613 528 ή
630 441 1091 529 καὶσαφήςέσταικαὶ-ρᾳδία,

138 546 218 635 μετά
237 548 342 614 ταῦτα
359 548 453 628 λέγω.
478 540 570 627 ,φημὶ
580 538 659 620 τοὺς
669 537 871 626 στρατηγοὺς
881 545 952 608 δεῖν
965 544 1150 606 διανεῖ-Ιὸῖ

138 672 197 733 μαι
207 645 332 722 τόπους
344 645 423 709 δέκα
436 647 504 707 τῶν
514 645 679 723 νεωρίων,
699 642 926 725 σκεψαμένους
942 636 1033 717 ὅπως
1047 635 1092 716 ῶς

138 739 290 829 ἐγγύτατ’
303 740 455 826 άλλήλοιν
465 735 548 805 κατά
559 736 718 821 τριάκοντ’
734 729 796 805 ῶσι
806 736 989 821 νεώσοικοι,
1001 740 1091 804 ἐπει-

139 840 204 909 δάν
216 842 253 910 δὲ
264 849 363 910 τοῦτο
373 836 549 924 ποιήσωσι,
573 835 635 903 δὺο
654 841 837 922 συμμορίας
847 836 901 903 καὶ
911 834 1090 917 τριάκοντα

95 952 130 1006 23
138 939 281 1027 τριήρεις
294 936 423 1005 τούτων
440 935 568 1022 ἑκάστῳ
585 948 780 1020 προσνεῖμαι
797 942 865 1002 τῶν
875 933 1004 1017 τόπων,
1029 931 1088 1001 εἶτ’

137 1040 359 1121 ἐπικληρῶσαι
374 1032 433 1112 τάς
450 1030 574 1118 φυλάς,
596 1029 657 1100 τόν
668 1031 704 1099 δὲ·
713 1039 887 1119 ταξίαρχον
898 1034 1038 1120 ἕκαστον
1048 1029 1090 1101 δν

136 1131 211 1221 άνή
234 1131 324 1220 φυλή
345 1133 450 1201 τόπον
470 1131 570 1218 λάχη,
598 1133 719 1198 διελεῖν
739 1139 839 1219 τρίχα,
852 1133 907 1199 καὶ
927 1129 985 1208 τάς
1005 1138 1090 1209 ναὺς

138 1229 310 1316 ὡσαύτως,
330 1227 389 1298 εἶτ’
402 1233 623 1315 ἐπικληρῶσαι
632 1226 691 1307 τάς
703 1236 847 1313 τριττῦς,
865 1227 955 1307 ὅπως
965 1227 1008 1295 άν
1019 1237 1090 1296 τῶν

137 1327 625 1416 μδνόλωννεωρίωνδνὲκάστη
633 1320 840 1415 μέροςήτῶν
848 1333 1046 1414 φυλῶν,τοῦ
1054 1327 1090 1396 δὲ

20 1477 24 1486 ,
137 1432 260 1516 μέρους
275 1427 417 1498 ἑκάστου
426 1424 464 1496 τό
475 1426 586 1512 τρίτον
596 1425 724 1513 μέροςή
742 1424 870 1512 τριιτὺς
889 1431 959 1513 ἔχη,
982 1431 1102 1512 εἰδῆτε

137 1527 181 1610 δ’,
204 1528 246 1595 άν
257 1555 288 1594 τι
299 1529 373 1614 δέη,
393 1534 525 1609 πρῶτον
535 1524 596 1611 μὲν
605 1525 668 1612 τήν
680 1524 808 1610 φυλήν,
830 1524 1088 1612 ὅπουτέτακταν,

135 1625 216 1712 μετά
234 1634 338 1692 ταῦτα
356 1623 392 1691 δὲ
408 1621 471 1710 τήν
486 1620 637 1708 τριττὺν,
659 1622 727 1691 εἶτα
737 1623 927 1709 τριήραρχοι
936 1629 1022 1703 τίνες
1033 1626 1090 1692 καὶ

134 1725 277 1811 τριήρεις
294 1736 402 1807 ποῖαι,
424 1726 477 1789 καὶ
497 1721 673 1805 τριάκοντα
689 1722 750 1808 μὲν
765 1720 786 1809 ἡ
803 1721 910 1809 φυλή,
932 1726 1011 1791 δέκα
1023 1717 1090 1810 δή
1143 1807 1152 1819 .

63 1840 70 1857 ·
136 1819 266 1905 τριττὺς
277 1820 396 1905 ἑκάστη
408 1819 550 1905 τριήρεις
560 1827 630 1908 ἔχη..
659 1819 718 1888 ἐάν
731 1819 796 1906 γάρ
808 1819 908 1890 ταῦθ’
923 1820 1031 1901 οὑτως
1042 1829 1089 1901 εἰς

135 1916 219 1986 ὁδὸν
228 1924 389 2005 καταστῇ,
411 1926 443 1985 εῖ
451 1944 482 1984 τι
491 1920 546 1984 καλ
557 1926 801 2005 παραλείπομεν
812 1928 877 1989 νῦν
888 1921 1011 2007 (πάντα
1021 1918 1088 2007 γάρ

137 2027 215 2094 ἴσως
225 2013 337 2100 εὑρεῖν
345 2015 386 2082 οὑ
395 2015 537 2105 ῥηίδιον),
545 2014 627 2084 αὑτό
636 2016 672 2086 τό
682 2027 816 2105 πρᾶγμα
825 2020 933 2109 ἑαυτῷ
943 2016 1088 2106 εὑρήσει,

135 2116 191 2182 καὶ
199 2119 257 2199 μία
267 2112 418 2194 σύνταξις
427 2116 482 2182 καὶ
490 2123 607 2182 πασῶν
617 2124 685 2183 τῶν
693 2125 782 2184 νεῶν
791 2119 846 2185 καὶ
854 2120 976 2205 μέρους
987 2125 1088 2191 ἔσται.

88 2242 124 2294 24
213 2209 308 2296 Ὑπὲρ
326 2214 362 2280 δὲ
377 2211 554 2300 χρημάτων
569 2217 623 2284 καὶ
639 2215 747 2302 πόρον
763 2225 914 2305 φανεροῦ
923 2217 1013 2299 τινός
1022 2219 1089 2308 ήδη

135 2310 323 2396 παράδοξον
333 2309 394 2398 μὲν
405 2309 478 2380 οἶδα
488 2313 593 2400 λόγον
601 2317 730 2400 μέλλων
740 2320 864 2404 λέγειν,
886 2317 1020 2405 δμωςδ’
1039 2326 1084 2388 ελ-

133 2410 282 2496 ρήσεται·
305 2412 449 2480 πιστεύω
465 2413 547 2499 γάρ,
571 2415 631 2481 ἐάν
647 2442 696 2494 τις
712 2412 825 2500 ὀρθῶς
840 2422 961 2505 σκοπῇ,
983 2418 1088 2503 μόνος

132 2507 264 2597 τάληθή
280 2512 336 2580 καὶ
352 2511 393 2578 τά
408 2511 615 2598 γενησόμενα
636 2513 774 2600 εἰρηκώς
795 2524 984 2600 φανεῖσθαι.
1018 2515 1087 2601 ἐγῶ
1117 2598 1122 2607 ⁴

133 2634 217 2693 φημι
227 2619 345 2695 χρῆναι
355 2609 399 2694 μή
411 2615 519 2695 λέγειν
529 2613 690 2695 νυνδπερῖ
706 2613 894 2700 χρημάτων·
918 2611 1085 2700 εἶναιγὰρ

115 2704 254 2800 πόρον,
266 2702 310 2773 άν
320 2708 388 2794 δέη,
400 2710 505 2793 μέγαν
515 2711 572 2776 καὶ
581 2709 685 2778 καλὸν
695 2714 750 2780 καὶ
761 2716 904 2794 δίκαιον,
917 2709 958 2780 δν
969 2712 1012 2781 άν
1023 2714 1086 2798 μὲν

131 2801 193 2889 ήδη
205 2808 367 2890 ζητῶμεν,
385 2803 462 2873 οὐδ’
474 2810 520 2883 εἰς
530 2805 607 2873 τόθ’
620 2805 781 2895 ὑπάρχειν
791 2808 976 2897 ἡγησόμεθ’
988 2808 1083 2896 ἡμῖν·
1134 2874 1135 2877 ,

130 2897 220 2968 οὑτω
231 2901 317 2967 πολὺ
329 2909 392 2969 τοῦ
403 2913 537 2990 πορίσαι
547 2912 614 2973 νῦν
624 2902 868 2995 ἀποσχήσομεν·
892 2907 952 2978 ἐάν
969 2907 1001 2977 δ’
1021 2912 1084 2977 ἐῶ-

42 3080 44 3084 ,
130 3023 208 3084 μεν,
232 3003 331 3065 ἔσται.
365 3007 414 3080 τίς
436 2994 500 3070 οὑν
521 3000 598 3072 ἔσθ’
620 2997 718 3085 οὗτος
739 3005 756 3076 ὑ
779 3015 845 3075 νῦν
865 3007 926 3092 μὲν
942 3005 1006 3075 οὐκ
1024 3003 1083 3092 ῶν,

129 3093 286 3180 ὑπάρξων
303 3095 336 3164 δ’
353 3104 401 3178 εἰς
416 3101 505 3182 τότε;
527 3108 692 3189 αἰνίγματι
709 3103 775 3190 γάρ
794 3103 911 3191 ὅμοιον
926 3104 1025 3174 τοῦτό
1035 3129 1082 3190 γε.
1092 3120 1137 3174 186

82 3212 118 3265 25
128 3195 193 3280 ἐγῶ
204 3194 331 3281 φράσω.
355 3193 453 3285 ὑράτε
464 3200 526 3286 τήν
537 3201 646 3288 πόλιν,
659 3195 817 3288 ῶάνδρες
825 3200 1005 3289 Ἀθηναῖοι,
1018 3209 1084 3269 πά-

127 3314 191 3362 σαν
212 3302 356 3382 ταυτηνί.
389 3300 427 3365 ἐν
446 3298 550 3387 ταὺτη
570 3298 708 3387 χρήματ’
733 3306 861 3370 ἔνεστιν
881 3297 997 3386 ὀλίγον
1018 3301 1083 3368 δέω

125 3394 210 3480 πρός
221 3391 419 3477 ἁπάσας-τάς
430 3396 532 3478 άλλας
543 3405 647 3468 εἰπεῖν
658 3400 777 3480 πόλεις.
810 3405 914 3468 ταῦτα
931 3395 963 3467 δ’
981 3402 1018 3467 οῖ
1026 3424 1083 3467 κε’
