2340 3894
275 196 403 261 ΠΕΡΙ
423 198 525 259 σου
543 199 838 283 mmor.
969 199 1030 264 ιιι
1109 221 1114 232 ,

56 365 184 429 ιαίτίαν
194 356 359 447 ἡγεῖσθαι.
395 356 438 426 σύ
449 364 566 426 τοίνυν
582 357 675 426 ταῦτ’
689 357 785 445 ἀφεὶς
796 361 852 445 ε’μδ
864 359 924 427 τὸν
942 362 1030 442 παρά

71 460 222 538 τουτοισὶΙ
241 461 519 543 πεπολιτευμένον
542 464 646 545 αἰτιᾷ,
669 460 724 526 καὶ
741 457 836 526 ταῦτ’
856 456 952 536 εἰδώς
969 456 1031 542 ὅτι,

71 560 128 626 καὶ
140 562 172 624 εί
180 554 225 643 μη
243 554 281 625 κδ
300 555 398 642 ὅλον,
420 559 519 642 μέρος
528 553 557 642 γ’
570 558 738 643 ἐπιβάλλει
754 564 811 644 τῆς
822 564 1092 644 βλασφημίαςςιτ

71 655 188 739 ἅπασι,
200 656 254 723 καί
264 653 405 741 μάλιστα
417 660 478 723 σοί.
514 660 545 722 εί
558 655 619 740 μὲν
636 657 700 741 γάρ
719 654 783 741 ἐγώ
801 653 875 724 κατ’
888 656 1032 742 ἐμαυτὸν
1161 681 1165 692 ·

71 752 292 839 αύτοκράτωρ
315 749 364 820 ώυ
384 755 461 840 περὶ
476 761 544 820 τών
565 753 770 838 πραγμάτων
791 752 1030 842 ἐβουλευόμην,

56 845 116 940 ’,ἦν
135 849 180 921 ἀν
191 866 259 931 τοῖς
277 851 388 931 ἀλλοις
399 851 558 939 ῥήτορσιν
571 849 652 938 ύμῖν
669 851 725 938 ἐμὲ
746 859 932 921 αἰτιᾶσθαι·
956 860 985 921 εί
995 855 1031 921 δὲ

70 958 199 1051 παρῆτε
209 953 271 1038 μὲν
282 953 319 1020 ἐν
329 965 400 1030 ταῖς
410 953 597 1037 ἐκκλησίαις
607 949 760 1038 άπάσαις,
769 951 825 1021 ἀεὶ
837 952 919 1022 δ’ἐκ
926 959 1029 1042 κοινῷ

69 1049 107 1121 τὰ
119 1053 296 1136 συμφέρον
311 1049 437 1136 ἡπόλις
448 1048 623 1133 προύτίθει
634 1067 781 1140 σκοπεῖν,
795 1060 877 1121 πᾶσι
887 1053 923 1139 δὲ
933 1049 1028 1121 ταῦτ’

70 1150 182 1220 ἐδόκει
193 1147 263 1217 τότ’
277 1147 386 1236 ἄριστ’
400 1148 502 1235 εἶναι,
523 1153 578 1218 καὶ
594 1151 736 1236 μάλιστα
754 1155 808 1221 σοὶ
828 1150 883 1236 (ού
894 1151 959 1238 γάρ
973 1149 1026 1220 ἐπ’

70 1247 190 1336 εύνοίρι
208 1245 243 1334 γ’
262 1251 334 1334 ἐμοὶ
350 1249 551 1335 παρεχώρεις
568 1252 712 1318 ἐλπίδων
723 1255 778 1318 καὶ
796 1252 897 1339 ζήλου
913 1255 1028 1320 καδτι-
1067 1331 1072 1340 ι

69 1355 155 1435 μῶν,
170 1346 309 1415 ἀπάντα
320 1356 450 1435 προσῆν
460 1363 528 1425 τοῖς
534 1349 611 1415 τότε
619 1352 855 1434 πραττομένοις
866 1345 1027 1434 ὑπ’ἐμού,

70 1445 156 1516 ἀλλά
172 1453 231 1529 τῆς
247 1443 408 1532 ἀληθείας
425 1443 614 1533 ἡττώμενος
631 1446 785 1532 δηλονότι
797 1449 853 1514 καὶ
866 1453 911 1537 τῷ
923 1448 1028 1533 μηδὲν

71 1551 160 1633 ἔχειν
172 1550 276 1613 εἰπεῖν
288 1549 446 1632 βέλτιον),
459 1554 530 1624 πώς
541 1544 604 1615 ούκ
616 1543 741 1626 ἀδικεῖς
751 1549 806 1615 καὶ
819 1544 913 1614 δεινά
923 1560 1029 1624 ποιεῖς

69 1642 203 1723 τούτοις
213 1651 280 1711 νύν
297 1646 447 1728 ἐγκαλῶν
467 1636 515 1711 ἀν’
526 1643 596 1713 τότ’
609 1643 672 1713 ούκ
680 1644 761 1730 εἶχες
771 1648 882 1731 λέγειν
892 1653 1028 1732 βελτίω;

56 1740 161 1828 ἰπαρά
172 1741 234 1828 μὲν
244 1749 361 1811 τοίνυν
372 1758 440 1822 τοῖς
457 1741 570 1824 ἀλλοις
588 1741 680 1830 ἔγωγ’
694 1742 764 1828 ὁρώ
776 1753 877 1811 πᾶσιν
887 1741 1027 1827 ἀνθρώ-

70 1845 359 1936 ποιςίδιωρισμένα
370 1844 617 1930 καλτεταγμένα
633 1869 704 1923 πως
715 1840 755 1912 τά
771 1851 918 1911 τοιαῦτα.
952 1840 1029 1910 ἀδι-

69 1955 123 2009 κεῖ
135 1967 185 2021 τις
204 1941 307 2026 ἑκών,
325 1939 431 2029 ὀργὴν
447 1946 502 2011 καὶ
519 1950 682 2030 τιμωρίαν
692 1940 776 2011 κατὰ
787 1942 919 2010 τούτου.
952 1942 1028 2028 ἐξή-

68 2043 174 2128 μαρτέ
182 2065 232 2120 τις
243 2032 351 2125 ἀκων,
374 2040 659 2129 σογγνώμηνάντὶ
670 2050 727 2129 τῆς
737 2047 895 2128 τιμωρίας
905 2040 1024 2130 τούτῳ.

69 2139 141 2208 οὔτ’
161 2139 290 2209 ἀδικών
306 2167 357 2219 τις
378 2138 451 2208 οὔτ’
470 2143 716 2227 ἐξαμαρτάνων,
738 2147 784 2218 είς
805 2140 845 2208 τὰ
867 2148 947 2207 πᾶσι
968 2144 1021 2208 δο-

68 2249 195 2309 κοῦντα
213 2243 397 2326 συμφέρειν
418 2239 539 2308 ἑαυτὸν
561 2238 641 2319 δούς
662 2237 705 2307 ού
726 2238 931 2322 κατώρθωσε
953 2235 1026 2321 μεθ’

68 2336 244 2419 άπάντων;
268 2337 330 2407 ούκ
343 2336 514 2420 ὀνειδίζειν
526 2336 606 2406 ούδέ
617 2342 847 2423 λοιδορεῖσθαι
858 2343 904 2424 τῷ
915 2335 1028 2407 τοιού-

56 2464 112 2528 ιτφ
124 2441 266 2520 δίκαιον,
275 2435 359 2506 ἀλλά
372 2438 613 2526 συνάχθεσθαι.
628 2432 813 2523 φανήσεται
823 2443 928 2504 ταύτα
940 2435 1028 2501 πάν-

67 2563 107 2607 τα
117 2536 226 2618 οὕτως
237 2537 279 2605 ού
289 2537 396 2624 μόνον
407 2542 444 2606 ἐν
455 2553 524 2616 τοῖς
534 2543 701 2623 νομίμοις,
721 2531 804 2603 ἀλλά
824 2530 910 2619 καὶὴ
927 2530 1028 2617 φύσις

68 2633 152 2724 αύτὴ
163 2651 231 2714 τοῖς
243 2633 408 2723 ἀγράφοις
421 2637 538 2723 νόμοις
548 2639 604 2705 καὶ
614 2650 683 2715 τοῖς
694 2633 923 2719 ἀνθρωπίνοις
935 2636 1028 2729 ἐθεσι

68 2735 235 2821 διώρικεν.
277 2741 435 2822 Αἰσχίνης
458 2745 578 2805 τοίνυν
596 2741 759 2805 τοσούτου
781 2731 1028 2824 ὑπερβέβληκεν

67 2833 218 2923 ἅπαντας
230 2829 434 2917 ἀνθρώπους
452 2835 596 2923 ώμάτητι
617 2837 673 2903 καὶ
694 2839 902 2920 συκοφαντίᾳ
944 2830 1027 2899 ώστε

67 2935 123 3000 καὶ
136 2922 186 2999 ών
198 2929 298 3010 αύτδς
310 2929 353 3010 ὡς
363 2930 581 3020 ἀτυχημάτων
592 2936 764 3020 ἐμέμνητο,
779 2935 834 2999 καί
845 2929 933 2999 ταῦτ’
946 2935 1028 3017 ἐμοῦ

66 3045 253 3119 κατηγορεῖ.

56 3152 58 3197 i
152 3133 219 3199 Καί
229 3128 313 3215 πρὸς
324 3142 391 3209 τοῖς
403 3131 525 3214 ἀλλοις,
539 3129 650 3217 ὥσπερ
663 3127 763 3208 αύτός
775 3127 886 3208 ἀπλώς
896 3132 950 3198 καλ
960 3127 1027 3215 μετ’

66 3229 201 3311 εύνοίας
217 3231 344 3309 πάντας
363 3233 502 3318 εἰρηκώς
521 3229 602 3309 τούς
619 3230 757 3314 λόγους,
780 3230 961 3313 φυλάττειν
972 3226 1028 3312 ἐμὲ

65 3335 120 3400 καὶ
129 3345 243 3418 τηρεῖν
253 3335 416 3416 ἐκέλευεν,
428 3330 517 3410 ὅπως
528 3329 572 3417 μὴ
581 3330 857 3415 παρακρούσομαι
868 3324 1028 3413 μηδ’ἐξα-
1036 3335 1089 3392 318

64 3429 217 3519 πατήσω,
229 3428 344 3499 δεινὸν
356 3433 410 3500 καὶ
420 3431 524 3517 γόητα
536 3432 593 3498 καὶ
607 3426 771 3514 σοφιστὴν
782 3428 838 3494 καὶ
848 3423 888 3492 τά
898 3420 1025 3493 τοιαῦτ’
