2340 3894
139 194 206 267 '³6
387 206 434 263 1v.
455 198 874 263 ΔΗΜΟΣΘΕΝΟῬΣ

162 364 267 449 πόλει,
280 361 394 450 ὀρθῶς
404 363 464 448 μὲν
474 369 595 445 οίεται,
609 359 803 444 λογισάσθω
819 362 932 445 μέντοι
942 358 1054 445 τοῦθ’,
1066 359 1117 430 ὅτι

162 465 294 548 εῖχομέυ
309 483 390 529 ποτε
405 456 515 545 ἡμεῖς,
539 450 566 526 ὦ
583 456 704 544 ἄνδρες
716 453 896 544 Ἀθηναῖοι,
907 458 1050 527 Πύδναν
1061 460 1118 529 καὶ

161 563 344 628 Ποτίδαιαν
354 559 409 626 καὶ
420 557 597 641 Μεθώνην
612 557 668 624 καὶ
684 557 793 623 πάντα
809 555 985 625 τόντύπον
995 567 1119 627 τοῦτον

162 663 285 725 οίκεῖον
295 656 419 742 κύκλῳ,
431 655 486 722 καὶ
502 652 608 722 πολλοὶ
625 661 695 721 τῶν
711 651 775 739 μετ’
789 657 921 723 ἐκείνου
930 665 997 724 νύν
1007 655 1119 725 ὄντων

163 759 275 825 ἐθνῶν
287 752 562 840 αὐτονομούμενα
571 755 626 820 καὶ
641 752 804 836 ἐλεύθερα
821 750 949 838 ὑπῆρχε
965 757 1021 822 καλ
1031 762 1119 839 μᾶλ-

138 863 225 922 ολον
241 850 320 940 ἡμῖν
338 847 481 938 ἐβούλετ’
493 855 579 936 ἐχειν
596 856 724 930 οἰκείως
741 846 897 942 ή’κείυηο.
932 858 963 920 εί
971 849 1118 922 τοίνννὸ

164 957 327 1029 Φίλιππος
346 949 420 1017 τότε
440 948 566 1035 ταύτην
587 953 659 1036 ἔσχε
679 948 900 1037 τήνχνιύμηυ,
921 948 966 1030 ύς
974 949 1120 1037 χαλεπὸν

164 1056 318 1133 πολεμεῖν
329 1050 419 1114 ἐστιν
425 1044 730 1133 Ἀθηναίοιςέχουσι
739 1056 884 1116 τοσαῦτα
901 1051 1122 1135 ἐπιτειχίσμα-

163 1174 204 1215 τα
215 1156 272 1232 τη”ς
283 1145 390 1214 αὐτού
400 1145 510 1231 χώρας
519 1150 644 1233 ἔρημον
653 1145 736 1214 ὄντα
747 1145 944 1232 συμμάχων,
964 1144 1065 1215 οὐδὲν
1075 1145 1120 1214 ἂν

164 1239 214 1314 οἶν
225 1248 302 1314 νυνὶ
312 1253 493 1332 πεποίηκεν
503 1249 659 1329 ἔπραξεν,
677 1241 757 1314 ούθέ
772 1244 936 1331 τοσαύτην
958 1249 1119 1332 ἐκτησατο

165 1345 317 1431 δύναμιν.
340 1340 408 1413 ἀλλ’·
422 1342 519 1428 εἶδεν,
538 1337 697 1431 ω’ύνθρες
708 1341 889 1430 Ἀθηναῖοι,
899 1352 999 1412 τούτο
1009 1352 1120 1424 καλῶς

164 1446 301 1526 ἐκεῖνος,
324 1439 375 1511 ὅτι
394 1451 499 1511 ταῦτα
519 1446 581 1528 μέν
604 1445 693 1511 ἐστιν
709 1442 840 1512 ἅπαντα
856 1442 896 1512 τὰ
914 1452 1017 1530 χωρία
1028 1437 1120 1512 ἆθλα

164 1549 226 1609 τοῦ
241 1543 388 1627 πολέμου
405 1551 540 1627 κείμενα
558 1543 595 1609 ἐν
611 1543 717 1627 με’σω,
739 1541 841 1625 φύσει
852 1539 884 1608 θ’
899 1537 1041 1628 ὑπάρχει
1051 1555 1120 1620 τοῖς

165 1649 311 1726 παρούσι
320 1641 360 1709 τοὶ
374 1648 441 1708 τοῖν
457 1637 614 1708 ἀπόντων
624 1640 679 1706 καλ
690 1651 758 1717 τοῖς
768 1641 923 1708 ἐθέλουσι
933 1654 1049 1708 πονεῖν
1064 1641 1120 1709 καλ

139 1739 377 1820 σκινθυνεύειν
396 1738 437 1806 τὰ
454 1747 522 1807 τοῖν
538 1735 763 1824 ἀμελούντων.
797 1739 852 1806 καὶ
872 1738 937 1824 μύρ
952 1766 1004 1806 τοι
1013 1738 1119 1826 ταύτῃ

163 1838 370 1924 χρησάμενος
390 1846 431 1925 τή
451 1836 567 1926 γνώμη
589 1837 698 1905 πάντα
718 1840 958 1923 κατέστραπται
974 1839 1118 1923 καλέχει,

162 1937 204 2004 τὰ
215 1937 278 2022 μὲν
290 1933 336 2014 ὥς
346 1930 390 2004 ἄν
401 1936 488 2004 ἑλύυ
497 1963 546 2016 τις
557 1941 625 2022 ἔχοι
635 1936 778 2024 πολέμῳ,
791 1933 831 2001 τὰ
844 1935 878 2003 δέ
890 1935 1045 2021 σύμμαχα
1061 1940 1117 2004 καί

163 2039 246 2118 φίλα
262 2033 499 2119 ποιησάμενος·
522 2036 579 2102 καὶ
594 2031 660 2120 μύρ
678 2046 860 2119 συμμαχεῖν
876 2033 931 2101 καλ
941 2039 1116 2120 προσέχειν
1122 2049 1157 2103 42

163 2127 450 2219 τὸνυούντούτοις
461 2128 1118 2254 ἐθέλορσιναπαντες,ούςρινὸρωσιπαρ-

82 2276 86 2281 -
137 2234 494 2318 χεσκευασμίνουςκαλ
505 2232 661 2319 πρύττειν
676 2226 886 2309 ἐθέλοντας’
864 2231 964 2316 αχρή.
993 2258 1037 2299 αν
1047 2237 1119 2298 τοί-

131 2350 135 2355 ·
163 2354 245 2413 νυν,
267 2321 425 2417 ύύυθρες
445 2328 629 2417 Ἀθηναῖοι,
651 2331 707 2398 καὶ
723 2326 816 2416 υμεῖς
827 2329 879 2396 ἐπὶ
889 2353 947 2414 της
963 2331 1118 2416 τοιαύτης

163 2428 343 2515 ἐθελήσητε
354 2430 512 2514 γενέσθαι
521 2430 657 2516 χυύμης
667 2436 742 2514 νύν,
755 2427 980 2514 ἐπειδήπερ’
941 2453 983 2496 ου
994 2429 1118 2513 πρότε-

163 2552 235 2611 ρον,
244 2529 330 2595 καῖ’
310 2547 445 2606 εκαστος
454 2524 562 2613 ὑμῶν,
571 2554 612 2596 ου
602 2521 677 2595 ’δεῖ
684 2530 738 2595 καί
750 2521 905 2594 δύναιτ”
883 2553 926 2593 αυ
936 2541 1119 2614 παρασχεῖν

163 2621 492 2712 αύτὸνχρήσιμοντή
503 2626 607 2709 πόλει,
627 2632 739 2692 πᾶσαν
756 2622 853 2710 ἀφεὶς
871 2626 933 2711 τήν
943 2631 1119 2710 είρωνείυν

162 2721 292 2804 ἕτοιμος
309 2721 463 2806 πράττειν
473 2719 619 2810 ύπύρξη,
636 2720 655 2791 ὁ
670 2722 732 2810 μέν
748 2720 883 2810 χρήματ’
901 2729 985 2810 ἔχων
1003 2730 1120 2812 είσφί·

163 2843 251 2901 ρειν,
276 2815 345 2886 ὁδ’
361 2823 398 2887 ἐν
412 2816 523 2910 ήλικίᾳ
545 2823 801 2908 στρατεύεσθαι,
821 2861 860 2873 -
883 2823 1060 2893 συνελόντι
1080 2821 1116 2892 δ’

164 2912 276 2994 ἁπλῶς
289 2912 331 2984 οἰυ
348 2914 444 3003 ὑμῶν
462 2917 575 2987 αὐτῶν
593 2921 772 3008 ἐθελήσητε
791 2923 1016 3005 γενέσθαικαὶ
1026 2921 1121 2990 παύ-

163 3023 270 3098 σησθε
283 3011 383 3094 αύτός
393 3014 454 3102 μὲν
464 3015 565 3086 οὐδὲν
576 3019 712 3099 ἕκαστος
723 3019 875 3104 ποιήσειν
886 3022 1044 3107 ἐλπίζων,
1056 3018 1119 3091 τὸν

68 3136 71 3141 ·
163 3115 199 3179 δὲ
211 3117 351 3197 πλησίον
367 3111 468 3182 πάνθ’
480 3114 565 3203 ὑπὲρ
582 3115 688 3185 αὐτού
704 3117 850 3203 πράξειν,
866 3120 922 3185 καὶ
932 3116 973 3186 τίι
985 3115 1117 3206 ὑμέτερ’

161 3206 275 3277 αὐταῖν
285 3209 501 3297 κομιεῖσθε,”
478 3240 521 3281 αν
530 3216 722 3304 θεοςθίλη,
743 3213 845 3284 καὶ
808 3241 848 3282 τα
859 3222 1122 3307 κατερρᾳθυμη-

136 3335 245 3396 μενα
256 3310 357 3378 πολιν
372 3307 603 3400 αναλήύεσθε,
623 3313 779 3383 κάκεῖνον
801 3314 1041 3402 τιμωρήσεσθε.
1071 3318 1119 3406 μή

124 3409 225 3495 γὰρ
234 3434 278 3487 ως
288 3415 359 3497 θεῷ
371 3409 504 3497 νομίζετ’
514 3413 676 3502 ἐκείνμ’
639 3439 679 3481 τα
687 3411 1122 3500 παρόνταπεπημέναιπρύ-
