2340 3894
68 192 133 257 ειο
236 157 238 162 ’
281 195 380 253 xv111.
413 190 835 255 ΔΗιιοεοεΝονε

33 405 39 419 .
68 355 192 434 πάντες
202 352 411 437 ἀπολέσειαν,
424 348 576 438 πονηρδυ
586 350 668 420 ὅντα
681 354 736 420 καὶ
746 358 887 442 πολίτην
898 356 953 425 καὶ
963 381 1034 444 τρι-

68 454 287 540 ταγωνιστήν.

155 555 240 636 Λέγε
252 549 310 629 τάς
320 556 512 638 μαρτυρίας.

416 709 677 772 MAPTYPIAI.

5 858 62 915 268
153 839 208 907 Ἐν
223 841 284 925 μὲν
301 847 418 906 τοίνυν
434 852 503 916 τοῖς
522 835 605 920 πρὸς
616 834 679 922 τὴν
689 836 789 905 πόλιν
803 845 974 917 τοιοῦτος·
995 842 1030 906 ἐν

72 941 108 1007 δὲ
125 953 193 1017 τοῖς
211 942 305 1015 ίδίοις
321 942 352 1005 εί
367 935 411 1022 μη
430 937 552 1014 πάντες
571 945 639 1004 ίστε
655 933 706 1005 ὅτι
717 935 897 1015 κοινδςκαὶ
908 937 1031 1023 φιλοίν-

70 1047 208 1118 θρωπος
219 1038 354 1114 καὶτοῖς
366 1039 533 1120 δεομένοις
544 1037 715 1120 ἐπαρκῶν,
733 1042 848 1102 σιωπῶ
859 1039 917 1104 καὶ
928 1034 1076 1114 οὐδὲνηιη

69 1131 113 1203 ἀν
131 1145 255 1220 εἴποιμι
270 1132 350 1203 οὐδὲ
368 1142 597 1220 παρασχοίμην
619 1135 694 1216 περὶ
714 1132 845 1202 τούτων
866 1130 1028 1220 οὐδεμίαν

69 1243 274 1321 μαρτυρίαν,
292 1232 411 1325 οὔτ’-ελ
425 1260 518 1314 τινας
533 1237 570 1302 ἐκ
583 1241 650 1300 των
668 1239 834 1318 πολεμίων
844 1233 1025 1320 ἐλυσάμην,

69 1332 140 1402 οὔτ’
156 1345 189 1403 εί
193 1355 259 1402 τισι
269 1336 459 1420 θυγατέρας
469 1335 685 1417 συνεξέδωκα,
698 1331 774 1400 οὔτε
785 1339 854 1399 των
864 1333 1027 1401 τοιούτων

5 1429 179 1502 ῖῖθούδέν.
209 1434 340 1520 καὶγὰρ
351 1432 441 1503 οὕτω
452 1458 522 1512 πως
538 1431 714 1518 ὑπείληφα.
751 1428 814 1515 έγοδ
826 1438 950 1518 νομίζω
969 1431 1028 1500 τδν

67 1532 130 1618 μὲν
147 1525 186 1600 εὖ
203 1533 358 1600 παθόντα
379 1537 449 1601 δεῖν
465 1541 657 1619 μεμνῆσθαι
681 1532 789 1599 πάντα
806 1531 867 1600 τδν
888 1533 1025 1618 χρόνον,
1046 1596 1048 1600 .

68 1630 177 1701 τὸνδὲ
189 1633 372 1719 ποιήσαντα
390 1630 497 1710 εὐθύς
515 1637 747 1717 ἐπιλελῆσθαι,
770 1637 801 1698 εί
819 1636 872 1700 δεῖ
885 1631 947 1701 τδν
964 1633 1024 1719 μὲν

65 1738 224 1818 χρηστοῦ,
241 1731 301 1798 τὸν
318 1732 353 1799 δὲ
368 1730 411 1818 μη
425 1732 637 1818 μικροψύχου
655 1744 761 1798 ποιεῖν
773 1735 873 1816 ἔργον
884 1729 1024 1817 ἀνθρύ-

64 1855 141 1899 που.
161 1829 199 1899 τδ
210 1832 246 1900 δὲ
256 1829 314 1909 τάς
326 1836 410 1909 ἰδίας
421 1829 609 1917 εὐεργεσίας
622 1827 887 1917 ὑπομιμνήσκειν
904 1834 961 1901 καὶ
972 1836 1024 1901 λέ-

62 1955 136 2015 γειν
147 1936 268 2013 μικροῦ
280 1934 349 1996 δεῖν
361 1928 479 2015 ὅμοιόν
489 1933 557 1997 ἐστι
567 1937 614 2017 τῷ
624 1926 805 2012 ὀνειδίζειν.
823 1929 865 2000 ού
874 1929 916 2018 δὴ
927 1933 1025 2018 ποιη-
1086 1922 1090 1927 ’

64 2050 112 2095 σω
129 2034 283 2095 τοιοῦτον
300 2027 417 2112 οὐδὲν,
443 2025 523 2096 οὐδὲ
550 2030 823 2116 προαχθήσομαι,
846 2027 914 2099 ἀλλ’
934 2029 1031 2110 ὅπως

65 2122 142 2194 ποθ’
156 2121 359 2212 ὑπείλημμαι
369 2129 444 2212 περὶ
456 2126 597 2211 τούτων,
610 2126 708 2214 ἀρκεῖ
716 2155 782 2214 μοι.

2 2231 57 2288 ²70
149 2225 319 2313 Βούλομαι
331 2226 366 2294 δὲ
377 2230 546 2296 τῶνίδίων
557 2223 756 2312 ἀπαλλαγεὶς
767 2233 815 2295 έτι
824 2230 927 2313 μικρά
939 2226 1023 2316 πρὸς

66 2324 152 2414 ὑμεῖς
164 2332 266 2394 εἰπεῖν
277 2329 351 2411 περὶ
366 2335 433 2394 των
446 2335 580 2395 κοινῶν.
604 2333 634 2396 εί
649 2330 711 2413 μὲν
720 2325 784 2413 γάρ
797 2332 893 2414 ἔχεις,
907 2335 1022 2416 Αἰσχί-

65 2455 118 2514 νη,
131 2437 198 2495 τῶν
210 2425 275 2498 ὑπὸ
289 2436 414 2496 τοῦτον,
426 2425 486 2495 τδν
496 2425 592 2513 η’λιον
610 2433 715 2494 εἰπεῖν
726 2423 922 2513 ἀνθρώπιον
933 2427 1021 2506 ὅστις

65 2525 179 2617 ἀθῷος
196 2535 252 2614 τῆς
272 2533 440 2595 Φιλίππου
458 2527 624 2612 πρότερον
640 2528 695 2595 καὶ
712 2535 777 2594 νῦν
795 2535 854 2614 τῆς
868 2525 1020 2607 Ἀλεξάν-

66 2631 150 2708 δρου
163 2632 356 2703 δυναστείας
366 2629 516 2711 γέγονεν,
537 2619 560 2709 οἲ
570 2620 845 2712 τῶνἙλλήνωνά
856 2633 926 2692 τοῖν
937 2634 1020 2713 βαρ-

64 2723 196 2809 βάρων,
220 2729 318 2807 ἔστω,
345 2732 504 2808 συγχωρῶ
523 2743 576 2790 σοι
592 2722 748 2810 τηνέμίγν
767 2735 830 2793 εἴτε
841 2727 947 2813 τύχην
958 2736 1021 2795 εἴτε

65 2826 245 2905 δυστυχίαν
268 2819 441 2905 ἀνομάζειν
463 2821 578 2908 βούλει
592 2825 737 2890 γποίντων
756 2830 863 2892 αἰτίαν
881 2835 1020 2912 γεγενη-

1 2932 53 2990 2⁷1
64 2930 153 2988 σθαι.
175 2925 205 2986 εί
214 2920 250 2988 δὲ
261 2922 314 2988 καί
327 2927 395 2987 τῶν
406 2919 619 3007 μηδεπώποτ’
632 2922 775 2989 ἰδόντων
786 2923 841 3009 ἐμὲ
851 2928 935 3010 μηδὲ
948 2951 1020 3010 φω-

62 3019 128 3108 νην
140 3017 333 3105 ἀκηκοότων
340 3023 421 3106 ἐμοῦ
432 3022 548 3088 πολλοὶ
558 3019 664 3089 πολλά
675 3025 730 3089 καὶ
738 3023 831 3090 δεινὰ
844 3025 1020 3094 πεπόνθα-

57 3142 108 3211 σι,
132 3116 175 3205 μὴ
198 3118 304 3205 μόνον
325 3117 536 3208 κατ’ἀνδρα,
559 3107 644 3189 ἀλλά
666 3125 721 3188 καὶ
742 3120 853 3201 πόλεις
875 3122 951 3193 ὅλαι
966 3128 1022 3193 καὶ

63 3225 159 3306 ἔθνη,
181 3219 273 3309 πόσῳ
292 3218 499 3305 δικαιότερον
519 3223 574 3287 καὶ
596 3219 821 3306 ἀληθέστερον
838 3219 1023 3306 τηνάπάν-

62 3344 148 3402 των,
173 3315 218 3398 ἀς
234 3311 357 3401 ἔοικεν,
379 3315 573 3404 ἀνθρώπων
589 3321 691 3406 τύχην
708 3321 827 3406 κοινην
843 3325 900 3389 καὶ
910 3324 1022 3408 φοράν

63 3443 139 3483 τινα
160 3418 365 3506 πραγμάτων
385 3419 532 3507 χαλεπὴν
552 3422 607 3488 καὶ
628 3420 690 3507 οὐχ
708 3425 783 3489 οἵαν
804 3426 870 3489 ἔδει
891 3423 1024 3491 τούτων
