<?xml version="1.0" encoding="UTF-8"?>
<!DOCTYPE html PUBLIC "-//W3C//DTD XHTML 1.0 Transitional//EN"
    "http://www.w3.org/TR/xhtml1/DTD/xhtml1-transitional.dtd">
<html xmlns="http://www.w3.org/1999/xhtml" xml:lang="en" lang="en">
 <head>
  <title>
</title>
<meta http-equiv="Content-Type" content="text/html;charset=utf-8" />
  <meta name='ocr-system' content='tesseract 3.04.00' />
  <meta name='ocr-capabilities' content='ocr_page ocr_carea ocr_par ocr_line ocrx_word'/>
</head>
<body>
  <div class='ocr_page' id='page_1' title='image "./orationesexrece03demogoog_0376.png"; bbox 0 0 2340 3894; ppageno 0'>
   <div class='ocr_carea' id='block_1_1' title="bbox 225 176 999 242">
    <p class='ocr_par' dir='ltr' id='par_1_1' title="bbox 225 176 999 242">
     <span class='ocr_line' id='line_1_1' title="bbox 225 176 999 242; baseline 0.004 -4"><span class='ocrx_word' id='word_1_1' title='bbox 225 176 353 238; x_wconf 83' lang='grc' dir='ltr'><em>ΠΕΡΙ</em></span> <span class='ocrx_word' id='word_1_2' title='bbox 380 177 481 239; x_wconf 67' lang='grc' dir='ltr'><strong><em>ΤΟΥ</em></strong></span> <span class='ocrx_word' id='word_1_3' title='bbox 508 177 808 240; x_wconf 73' lang='grc' dir='ltr'><strong>ΣΤΕΦΑΝΟΤ.</strong></span> <span class='ocrx_word' id='word_1_4' title='bbox 933 176 999 242; x_wconf 77' lang='lat'><strong><em>247</em></strong></span> 
     </span>
    </p>
   </div>
   <div class='ocr_carea' id='block_1_2' title="bbox 0 331 1084 3442">
    <p class='ocr_par' dir='ltr' id='par_1_2' title="bbox 82 331 1015 1340">
     <span class='ocr_line' id='line_1_2' title="bbox 83 331 996 443; baseline 0.002 -39"><span class='ocrx_word' id='word_1_5' title='bbox 83 334 121 405; x_wconf 78' lang='grc' dir='ltr'><strong><em>τά</em></strong></span> <span class='ocrx_word' id='word_1_6' title='bbox 116 331 214 443; x_wconf 83' lang='grc' dir='ltr'><strong><em>παρά</em></strong></span> <span class='ocrx_word' id='word_1_7' title='bbox 229 343 303 402; x_wconf 76' lang='grc' dir='ltr'><strong><em>πᾶσι</em></strong></span> <span class='ocrx_word' id='word_1_8' title='bbox 312 362 373 413; x_wconf 89' lang='grc' dir='ltr'><strong><em>τοις</em></strong></span> <span class='ocrx_word' id='word_1_9' title='bbox 348 334 503 441; x_wconf 79' lang='grc' dir='ltr'><strong><em>Ἕλλησι</em></strong></span> <span class='ocrx_word' id='word_1_10' title='bbox 516 335 695 443; x_wconf 74' lang='grc' dir='ltr'><strong><em>νομιζόμενα</em></strong></span> <span class='ocrx_word' id='word_1_11' title='bbox 711 336 836 403; x_wconf 82' lang='grc' dir='ltr'><strong><em>είνοιιί</em></strong></span> <span class='ocrx_word' id='word_1_12' title='bbox 804 344 921 442; x_wconf 73' lang='grc' dir='ltr'><strong><em>δίκαια,</em></strong></span> <span class='ocrx_word' id='word_1_13' title='bbox 944 347 996 406; x_wconf 84' lang='grc' dir='ltr'><strong><em>ιιαλ</em></strong></span> 
     </span>
     <span class='ocr_line' id='line_1_3' title="bbox 83 416 997 567; baseline 0.002 -80"><span class='ocrx_word' id='word_1_14' title='bbox 83 420 185 498; x_wconf 86' lang='grc' dir='ltr'><strong><em>πόλεις</em></strong></span> <span class='ocrx_word' id='word_1_15' title='bbox 193 430 379 567; x_wconf 80' lang='grc' dir='ltr'><strong><em>παραιρεῖται</em></strong></span> <span class='ocrx_word' id='word_1_16' title='bbox 390 416 525 486; x_wconf 79' lang='lat'>06666</span> <span class='ocrx_word' id='word_1_17' title='bbox 490 428 571 508; x_wconf 77' lang='grc' dir='ltr'><strong><em>αυτῷ</em></strong></span> <span class='ocrx_word' id='word_1_18' title='bbox 581 421 796 526; x_wconf 78' lang='grc' dir='ltr'><strong><em>προσηκούσης,</em></strong></span> <span class='ocrx_word' id='word_1_19' title='bbox 808 420 891 498; x_wconf 85' lang='grc' dir='ltr'><strong><em>τινάς</em></strong></span> <span class='ocrx_word' id='word_1_20' title='bbox 903 425 935 488; x_wconf 79' lang='lat'><strong><em>66</em></strong></span> <span class='ocrx_word' id='word_1_21' title='bbox 945 427 997 489; x_wconf 80' lang='grc' dir='ltr'><strong><em>καὶ</em></strong></span> 
     </span>
     <span class='ocr_line' id='line_1_4' title="bbox 81 486 995 613; baseline 0 -42"><span class='ocrx_word' id='word_1_22' title='bbox 81 501 216 611; x_wconf 72' lang='grc' dir='ltr'><strong><em>Ἀθηηαί</em></strong></span> <span class='ocrx_word' id='word_1_23' title='bbox 210 531 252 569; x_wconf 90' lang='grc' dir='ltr'><strong><em>ων</em></strong></span> <span class='ocrx_word' id='word_1_24' title='bbox 262 523 351 609; x_wconf 83' lang='lat'>06669</span> <span class='ocrx_word' id='word_1_25' title='bbox 362 486 559 613; x_wconf 69' lang='grc' dir='ltr'><strong><em>δοριαλώτους</em></strong></span> <span class='ocrx_word' id='word_1_26' title='bbox 566 509 725 586; x_wconf 84' lang='grc' dir='ltr'><strong><em>πεποίηκεν</em></strong></span> <span class='ocrx_word' id='word_1_27' title='bbox 735 501 822 569; x_wconf 75' lang='grc' dir='ltr'><strong><em>οὐδὲν</em></strong></span> <span class='ocrx_word' id='word_1_28' title='bbox 832 511 995 609; x_wconf 75' lang='grc' dir='ltr'><strong><em>πρραδινη-</em></strong></span> 
     </span>
     <span class='ocr_line' id='line_1_5' title="bbox 83 583 996 735; baseline 0.001 -81"><span class='ocrx_word' id='word_1_29' title='bbox 83 584 176 666; x_wconf 82' lang='grc' dir='ltr'><strong><em>θείς</em></strong></span> <span class='ocrx_word' id='word_1_30' title='bbox 160 583 219 654; x_wconf 82' lang='grc' dir='ltr'><strong><em>υπὸ</em></strong></span> <span class='ocrx_word' id='word_1_31' title='bbox 231 613 283 653; x_wconf 91' lang='grc' dir='ltr'><strong><em>τον</em></strong></span> <span class='ocrx_word' id='word_1_32' title='bbox 270 585 390 670; x_wconf 88' lang='grc' dir='ltr'><strong><em>δήμου</em></strong></span> <span class='ocrx_word' id='word_1_33' title='bbox 401 612 455 653; x_wconf 91' lang='grc' dir='ltr'><strong><em>του</em></strong></span> <span class='ocrx_word' id='word_1_34' title='bbox 440 586 591 735; x_wconf 68' lang='grc' dir='ltr'><strong><em>’Ἀβηηνί</em></strong></span> <span class='ocrx_word' id='word_1_35' title='bbox 590 613 647 690; x_wconf 83' lang='lat'><strong><em>66,</em></strong></span> <span class='ocrx_word' id='word_1_36' title='bbox 670 592 704 653; x_wconf 76' lang='grc' dir='ltr'><strong><em>ἔν</em></strong></span> <span class='ocrx_word' id='word_1_37' title='bbox 718 614 749 653; x_wconf 86' lang='grc' dir='ltr'><strong><em>τε</em></strong></span> <span class='ocrx_word' id='word_1_38' title='bbox 758 596 801 676; x_wconf 83' lang='grc' dir='ltr'><strong><em>τοῖ</em></strong></span> <span class='ocrx_word' id='word_1_39' title='bbox 810 588 936 699; x_wconf 87' lang='grc' dir='ltr'><strong><em>παρόντι</em></strong></span> <span class='ocrx_word' id='word_1_40' title='bbox 948 592 996 655; x_wconf 76' lang='grc' dir='ltr'><strong><em>ἐιτλ</em></strong></span> 
     </span>
     <span class='ocr_line' id='line_1_6' title="bbox 83 651 993 777; baseline 0 -40"><span class='ocrx_word' id='word_1_41' title='bbox 83 668 161 738; x_wconf 81' lang='grc' dir='ltr'><strong><em>πολὺ</em></strong></span> <span class='ocrx_word' id='word_1_42' title='bbox 171 667 321 777; x_wconf 81' lang='grc' dir='ltr'><strong><em>προάγειτ</em></strong></span> <span class='ocrx_word' id='word_1_43' title='bbox 351 696 382 735; x_wconf 90' lang='grc' dir='ltr'><strong><em>τε</em></strong></span> <span class='ocrx_word' id='word_1_44' title='bbox 391 675 426 755; x_wconf 92' lang='grc' dir='ltr'><strong><em>βί</em></strong></span> <span class='ocrx_word' id='word_1_45' title='bbox 424 698 444 758; x_wconf 80' lang='lat'><strong><em>6</em></strong></span> <span class='ocrx_word' id='word_1_46' title='bbox 455 674 506 735; x_wconf 80' lang='grc' dir='ltr'><strong><em>καί</em></strong></span> <span class='ocrx_word' id='word_1_47' title='bbox 516 680 554 760; x_wconf 79' lang='grc' dir='ltr'><strong><em>τή</em></strong></span> <span class='ocrx_word' id='word_1_48' title='bbox 564 666 705 753; x_wconf 78' lang='grc' dir='ltr'><strong><em>ὠμότητι·</em></strong></span> <span class='ocrx_word' id='word_1_49' title='bbox 728 651 831 775; x_wconf 74' lang='lat'><strong><em>666</em></strong></span> <span class='ocrx_word' id='word_1_50' title='bbox 796 697 855 755; x_wconf 79' lang='grc' dir='ltr'><strong><em>γαρ</em></strong></span> <span class='ocrx_word' id='word_1_51' title='bbox 859 672 993 756; x_wconf 87' lang='grc' dir='ltr'><strong><em>Ελληνί-</em></strong></span> 
     </span>
     <span class='ocr_line' id='line_1_7' title="bbox 84 679 993 862; baseline -0.002 -40"><span class='ocrx_word' id='word_1_52' title='bbox 84 762 139 832; x_wconf 89' lang='grc' dir='ltr'><strong><em>δας</em></strong></span> <span class='ocrx_word' id='word_1_53' title='bbox 148 751 277 831; x_wconf 73' lang='grc' dir='ltr'><strong><em>πόλεις“</em></strong></span> <span class='ocrx_word' id='word_1_54' title='bbox 257 781 292 830; x_wconf 90' lang='lat'><strong><em>69</em></strong></span> <span class='ocrx_word' id='word_1_55' title='bbox 303 679 357 838; x_wconf 64' lang='grc' dir='ltr'><strong><em>μίν</em></strong></span> <span class='ocrx_word' id='word_1_56' title='bbox 368 753 553 862; x_wconf 73' lang='grc' dir='ltr'><strong><em>ἐμφρούρους</em></strong></span> <span class='ocrx_word' id='word_1_57' title='bbox 562 778 640 820; x_wconf 90' lang='grc' dir='ltr'><strong><em>ποιει</em></strong></span> <span class='ocrx_word' id='word_1_58' title='bbox 631 751 747 819; x_wconf 74' lang='grc' dir='ltr'><strong><em>”“ιιαλ</em></strong></span> <span class='ocrx_word' id='word_1_59' title='bbox 714 780 767 832; x_wconf 87' lang='grc' dir='ltr'><strong><em>τας</em></strong></span> <span class='ocrx_word' id='word_1_60' title='bbox 777 760 923 833; x_wconf 78' lang='grc' dir='ltr'><strong><em>πολιτείας</em></strong></span> <span class='ocrx_word' id='word_1_61' title='bbox 939 783 993 821; x_wconf 83' lang='grc' dir='ltr'><strong><em>κα-</em></strong></span> 
     </span>
     <span class='ocr_line' id='line_1_8' title="bbox 82 835 1015 943; baseline -0.002 -38"><span class='ocrx_word' id='word_1_62' title='bbox 82 837 200 919; x_wconf 88' lang='grc' dir='ltr'><strong><em>ταλάει,</em></strong></span> <span class='ocrx_word' id='word_1_63' title='bbox 219 835 303 914; x_wconf 83' lang='grc' dir='ltr'><strong><em>τινάς</em></strong></span> <span class='ocrx_word' id='word_1_64' title='bbox 325 839 357 902; x_wconf 78' lang='grc' dir='ltr'><strong><em>δὲ</em></strong></span> <span class='ocrx_word' id='word_1_65' title='bbox 378 840 429 902; x_wconf 86' lang='grc' dir='ltr'><strong><em>ιινλ</em></strong></span> <span class='ocrx_word' id='word_1_66' title='bbox 451 835 764 943; x_wconf 73' lang='grc' dir='ltr'><strong><em>ἐξανδραποδιζόμενος</em></strong></span> <span class='ocrx_word' id='word_1_67' title='bbox 785 837 1015 927; x_wconf 69' lang='grc' dir='ltr'><strong><em>ααταστάπτεη·</em></strong></span> 
     </span>
     <span class='ocr_line' id='line_1_9' title="bbox 83 912 993 1027; baseline -0.003 -38"><span class='ocrx_word' id='word_1_68' title='bbox 83 929 125 1000; x_wconf 84' lang='grc' dir='ltr'><strong><em>είς</em></strong></span> <span class='ocrx_word' id='word_1_69' title='bbox 141 925 220 1025; x_wconf 75' lang='grc' dir='ltr'><strong><em>ἐνίρις</em></strong></span> <span class='ocrx_word' id='word_1_70' title='bbox 238 923 269 985; x_wconf 83' lang='grc' dir='ltr'><strong><em>δὲ</em></strong></span> <span class='ocrx_word' id='word_1_71' title='bbox 287 923 339 1024; x_wconf 80' lang='grc' dir='ltr'><strong><em>τριλ</em></strong></span> <span class='ocrx_word' id='word_1_72' title='bbox 355 916 435 985; x_wconf 64' lang='grc' dir='ltr'><strong><em>ἄνελ’</em></strong></span> <span class='ocrx_word' id='word_1_73' title='bbox 435 919 578 1025; x_wconf 79' lang='grc' dir='ltr'><strong><em>Ελλήνων</em></strong></span> <span class='ocrx_word' id='word_1_74' title='bbox 593 919 763 1027; x_wconf 70' lang='grc' dir='ltr'><strong><em>βαρβάρους</em></strong></span> <span class='ocrx_word' id='word_1_75' title='bbox 779 912 960 1000; x_wconf 75' lang='grc' dir='ltr'><strong><em>κατοικίζει’</em></strong></span> <span class='ocrx_word' id='word_1_76' title='bbox 946 925 993 986; x_wconf 83' lang='grc' dir='ltr'><strong><em>επὶ</em></strong></span> 
     </span>
     <span class='ocr_line' id='line_1_10' title="bbox 82 999 993 1114; baseline 0.001 -42"><span class='ocrx_word' id='word_1_77' title='bbox 82 1035 120 1072; x_wconf 82' lang='grc' dir='ltr'><strong><em>τα</em></strong></span> <span class='ocrx_word' id='word_1_78' title='bbox 103 1001 196 1114; x_wconf 80' lang='grc' dir='ltr'><strong><em>ἱερά</em></strong></span> <span class='ocrx_word' id='word_1_79' title='bbox 207 1007 260 1069; x_wconf 83' lang='grc' dir='ltr'><strong><em>ιιαλ</em></strong></span> <span class='ocrx_word' id='word_1_80' title='bbox 270 999 338 1080; x_wconf 73' lang='lat'>6069</span> <span class='ocrx_word' id='word_1_81' title='bbox 349 1002 464 1085; x_wconf 78' lang='grc' dir='ltr'><strong><em>τάφους</em></strong></span> <span class='ocrx_word' id='word_1_82' title='bbox 475 1003 647 1112; x_wconf 64' lang='grc' dir='ltr'><strong><em>ἑτάρων</em></strong></span> <span class='ocrx_word' id='word_1_83' title='bbox 600 1052 609 1085; x_wconf 95' lang='grc'><strong><em>,</em></strong></span> <span class='ocrx_word' id='word_1_84' title='bbox 632 1000 722 1070; x_wconf 76' lang='grc' dir='ltr'><strong><em>οόδδν</em></strong></span> <span class='ocrx_word' id='word_1_85' title='bbox 706 1001 889 1114; x_wconf 85' lang='grc' dir='ltr'><strong><em>αἰλλότριρν</em></strong></span> <span class='ocrx_word' id='word_1_86' title='bbox 897 1013 993 1073; x_wconf 79' lang='grc' dir='ltr'><strong><em>ποιῶν</em></strong></span> 
     </span>
     <span class='ocr_line' id='line_1_11' title="bbox 82 1086 993 1192; baseline -0.001 -37"><span class='ocrx_word' id='word_1_87' title='bbox 82 1088 150 1155; x_wconf 83' lang='grc' dir='ltr'><strong><em>οότε</em></strong></span> <span class='ocrx_word' id='word_1_88' title='bbox 162 1096 215 1171; x_wconf 81' lang='grc' dir='ltr'><strong><em>τῆς</em></strong></span> <span class='ocrx_word' id='word_1_89' title='bbox 232 1089 337 1152; x_wconf 76' lang='grc' dir='ltr'><strong><em>ἑαυτοῦ</em></strong></span> <span class='ocrx_word' id='word_1_90' title='bbox 349 1091 517 1192; x_wconf 83' lang='grc' dir='ltr'><strong><em>πατρίδος</em></strong></span> <span class='ocrx_word' id='word_1_91' title='bbox 510 1113 578 1154; x_wconf 87' lang='grc' dir='ltr'><strong><em>ουτε</em></strong></span> <span class='ocrx_word' id='word_1_92' title='bbox 593 1096 647 1153; x_wconf 83' lang='grc' dir='ltr'><strong><em>τοῦ</em></strong></span> <span class='ocrx_word' id='word_1_93' title='bbox 638 1086 789 1191; x_wconf 87' lang='grc' dir='ltr'><strong><em>τρόπον,</em></strong></span> <span class='ocrx_word' id='word_1_94' title='bbox 812 1092 864 1154; x_wconf 83' lang='grc' dir='ltr'><strong><em>ιιαλ</em></strong></span> <span class='ocrx_word' id='word_1_95' title='bbox 880 1098 919 1176; x_wconf 81' lang='grc' dir='ltr'><strong><em>τῇ</em></strong></span> <span class='ocrx_word' id='word_1_96' title='bbox 935 1096 993 1154; x_wconf 81' lang='grc' dir='ltr'><strong><em>νῦν</em></strong></span> 
     </span>
     <span class='ocr_line' id='line_1_12' title="bbox 82 1168 992 1278; baseline 0 -42"><span class='ocrx_word' id='word_1_97' title='bbox 82 1168 165 1260; x_wconf 72' lang='grc' dir='ltr'><strong><em>αὐτῷ</em></strong></span> <span class='ocrx_word' id='word_1_98' title='bbox 175 1168 312 1278; x_wconf 84' lang='grc' dir='ltr'><strong><em>παροόση</em></strong></span> <span class='ocrx_word' id='word_1_99' title='bbox 322 1168 403 1275; x_wconf 74' lang='grc' dir='ltr'><strong><em>τάχη</em></strong></span> <span class='ocrx_word' id='word_1_100' title='bbox 406 1169 576 1275; x_wconf 80' lang='grc' dir='ltr'><strong><em>κατακόρως</em></strong></span> <span class='ocrx_word' id='word_1_101' title='bbox 587 1169 749 1276; x_wconf 80' lang='grc' dir='ltr'><strong><em>χριόμενος,</em></strong></span> <span class='ocrx_word' id='word_1_102' title='bbox 772 1175 992 1276; x_wconf 76' lang='grc' dir='ltr'><strong><em>ἐπιλελησμένος</em></strong></span> 
     </span>
     <span class='ocr_line' id='line_1_13' title="bbox 82 1238 984 1362; baseline -0.001 -40"><span class='ocrx_word' id='word_1_103' title='bbox 82 1238 214 1322; x_wconf 74' lang='grc' dir='ltr'><strong><em>ἓαντοῦ“</em></strong></span> <span class='ocrx_word' id='word_1_104' title='bbox 195 1281 242 1320; x_wconf 92' lang='grc' dir='ltr'><strong><em>οτι</em></strong></span> <span class='ocrx_word' id='word_1_105' title='bbox 252 1257 285 1319; x_wconf 80' lang='grc' dir='ltr'><strong><em>ἐκ</em></strong></span> <span class='ocrx_word' id='word_1_106' title='bbox 295 1279 402 1338; x_wconf 87' lang='grc' dir='ltr'><strong><em>μικρον</em></strong></span> <span class='ocrx_word' id='word_1_107' title='bbox 389 1257 464 1318; x_wconf 85' lang='grc' dir='ltr'><strong><em>ιιαλ</em></strong></span> <span class='ocrx_word' id='word_1_108' title='bbox 474 1261 526 1321; x_wconf 80' lang='grc' dir='ltr'><strong><em>τοῦ</em></strong></span> <span class='ocrx_word' id='word_1_109' title='bbox 535 1254 671 1334; x_wconf 82' lang='grc' dir='ltr'><strong><em>τυχόντος</em></strong></span> <span class='ocrx_word' id='word_1_110' title='bbox 680 1258 799 1362; x_wconf 74' lang='grc' dir='ltr'><strong><em>γέγονεν</em></strong></span> <span class='ocrx_word' id='word_1_111' title='bbox 808 1252 984 1332; x_wconf 76' lang='grc' dir='ltr'><strong><em>ἀνελπίστως</em></strong></span> 
     </span>
    </p>

    <p class='ocr_par' dir='ltr' id='par_1_3' title="bbox 0 1335 991 1842">
     <span class='ocr_line' id='line_1_14' title="bbox 0 1335 985 1442; baseline -0.001 -39"><span class='ocrx_word' id='word_1_112' title='bbox 0 1353 6 1398; x_wconf 71' lang='grc' dir='ltr'>ἱ</span> <span class='ocrx_word' id='word_1_113' title='bbox 80 1342 180 1442; x_wconf 68' lang='grc' dir='ltr'><strong><em>μέγας</em></strong></span> <span class='ocrx_word' id='word_1_114' title='bbox 210 1364 261 1403; x_wconf 88' lang='grc' dir='ltr'><strong><em>ιιαι</em></strong></span> <span class='ocrx_word' id='word_1_115' title='bbox 252 1339 331 1425; x_wconf 76' lang='grc' dir='ltr'><strong><em>ἕως</em></strong></span> <span class='ocrx_word' id='word_1_116' title='bbox 347 1338 401 1419; x_wconf 74' lang='grc' dir='ltr'><strong><em>μὲν</em></strong></span> <span class='ocrx_word' id='word_1_117' title='bbox 422 1335 520 1416; x_wconf 86' lang='grc' dir='ltr'><strong><em>πόλεις</em></strong></span> <span class='ocrx_word' id='word_1_118' title='bbox 541 1338 617 1422; x_wconf 75' lang='grc' dir='ltr'><strong><em>ἓοόρα</em></strong></span> <span class='ocrx_word' id='word_1_119' title='bbox 636 1336 874 1422; x_wconf 76' lang='grc' dir='ltr'><strong><em>παραιρούμενον</em></strong></span> <span class='ocrx_word' id='word_1_120' title='bbox 895 1335 985 1404; x_wconf 78' lang='grc' dir='ltr'><strong><em>αδιὸν</em></strong></span> 
     </span>
     <span class='ocr_line' id='line_1_15' title="bbox 80 1417 988 1530; baseline -0.002 -42"><span class='ocrx_word' id='word_1_121' title='bbox 80 1419 250 1530; x_wconf 76' lang='grc' dir='ltr'><strong><em>βαρβάρους</em></strong></span> <span class='ocrx_word' id='word_1_122' title='bbox 261 1422 312 1485; x_wconf 84' lang='grc' dir='ltr'><strong><em>ιινλ</em></strong></span> <span class='ocrx_word' id='word_1_123' title='bbox 320 1418 414 1522; x_wconf 81' lang='grc' dir='ltr'><strong><em>ἰδίοις,</em></strong></span> <span class='ocrx_word' id='word_1_124' title='bbox 431 1417 642 1525; x_wconf 75' lang='grc' dir='ltr'><strong><em>ὑπελάμβανεν</em></strong></span> <span class='ocrx_word' id='word_1_125' title='bbox 652 1425 770 1485; x_wconf 78' lang='grc' dir='ltr'><strong><em>ἔλαττον</em></strong></span> <span class='ocrx_word' id='word_1_126' title='bbox 781 1420 880 1486; x_wconf 72' lang='grc' dir='ltr'><strong><em>εἶναι’</em></strong></span> <span class='ocrx_word' id='word_1_127' title='bbox 868 1450 884 1489; x_wconf 95' lang='grc' dir='ltr'><strong><em>ο</em></strong></span> <span class='ocrx_word' id='word_1_128' title='bbox 896 1427 988 1529; x_wconf 77' lang='grc' dir='ltr'><strong><em>δήμος</em></strong></span> 
     </span>
     <span class='ocr_line' id='line_1_16' title="bbox 80 1497 990 1611; baseline -0.005 -38"><span class='ocrx_word' id='word_1_129' title='bbox 80 1535 98 1574; x_wconf 96' lang='grc' dir='ltr'><strong><em>ο</em></strong></span> <span class='ocrx_word' id='word_1_130' title='bbox 86 1498 328 1604; x_wconf 69' lang='grc' dir='ltr'><strong><em>’Ἀθηναίων</em></strong></span> <span class='ocrx_word' id='word_1_131' title='bbox 299 1528 332 1566; x_wconf 86' lang='grc' dir='ltr'><strong><em>το</em></strong></span> <span class='ocrx_word' id='word_1_132' title='bbox 350 1499 442 1580; x_wconf 84' lang='grc' dir='ltr'><strong><em>είς</em></strong></span> <span class='ocrx_word' id='word_1_133' title='bbox 403 1497 497 1606; x_wconf 81' lang='grc' dir='ltr'><strong><em>ριντδν</em></strong></span> <span class='ocrx_word' id='word_1_134' title='bbox 512 1512 761 1611; x_wconf 82' lang='grc' dir='ltr'><strong><em>πλημμελεῖσθαι.</em></strong></span> <span class='ocrx_word' id='word_1_135' title='bbox 783 1513 841 1569; x_wconf 78' lang='grc' dir='ltr'><strong><em>νῦν</em></strong></span> <span class='ocrx_word' id='word_1_136' title='bbox 856 1507 927 1571; x_wconf 85' lang='lat'><strong><em>66‘</em></strong></span> <span class='ocrx_word' id='word_1_137' title='bbox 910 1512 990 1605; x_wconf 77' lang='grc' dir='ltr'><strong><em>οροῖν</em></strong></span> 
     </span>
     <span class='ocr_line' id='line_1_17' title="bbox 75 1583 989 1693; baseline -0.006 -37.944"><span class='ocrx_word' id='word_1_138' title='bbox 75 1588 249 1672; x_wconf 79' lang='grc' dir='ltr'><strong><em>Ἑλληνίδας</em></strong></span> <span class='ocrx_word' id='word_1_139' title='bbox 265 1583 363 1663; x_wconf 87' lang='grc' dir='ltr'><strong><em>πόλεις</em></strong></span> <span class='ocrx_word' id='word_1_140' title='bbox 379 1583 432 1663; x_wconf 82' lang='grc' dir='ltr'><strong><em>τάς</em></strong></span> <span class='ocrx_word' id='word_1_141' title='bbox 450 1591 504 1693; x_wconf 72' lang='grc' dir='ltr'><strong><em>μὲν</em></strong></span> <span class='ocrx_word' id='word_1_142' title='bbox 519 1584 780 1673; x_wconf 74' lang='grc' dir='ltr'><strong><em>ὑβριζομένας,</em></strong></span> <span class='ocrx_word' id='word_1_143' title='bbox 747 1614 801 1688; x_wconf 91' lang='grc' dir='ltr'><strong><em>τας</em></strong></span> <span class='ocrx_word' id='word_1_144' title='bbox 819 1585 879 1654; x_wconf 86' lang='lat'><strong><em>66’</em></strong></span> <span class='ocrx_word' id='word_1_145' title='bbox 862 1585 989 1654; x_wconf 89' lang='grc' dir='ltr'><strong><em>αναστά-</em></strong></span> 
     </span>
     <span class='ocr_line' id='line_1_18' title="bbox 78 1663 991 1776; baseline -0.007 -37"><span class='ocrx_word' id='word_1_146' title='bbox 78 1699 148 1749; x_wconf 90' lang='grc' dir='ltr'><strong><em>τους</em></strong></span> <span class='ocrx_word' id='word_1_147' title='bbox 158 1673 363 1776; x_wconf 69' lang='grc' dir='ltr'><strong><em>ηιμνομξνας,</em></strong></span> <span class='ocrx_word' id='word_1_148' title='bbox 354 1667 478 1735; x_wconf 73' lang='grc' dir='ltr'><strong><em>δεινόν’</em></strong></span> <span class='ocrx_word' id='word_1_149' title='bbox 462 1681 577 1775; x_wconf 81' lang='grc' dir='ltr'><strong><em>ηγεῖται</em></strong></span> <span class='ocrx_word' id='word_1_150' title='bbox 586 1671 663 1736; x_wconf 81' lang='grc' dir='ltr'><strong><em>εἶναι</em></strong></span> <span class='ocrx_word' id='word_1_151' title='bbox 673 1673 724 1736; x_wconf 81' lang='grc' dir='ltr'><strong><em>καλ</em></strong></span> <span class='ocrx_word' id='word_1_152' title='bbox 737 1663 905 1748; x_wconf 83' lang='grc' dir='ltr'><strong><em>άνάξιον</em></strong></span> <span class='ocrx_word' id='word_1_153' title='bbox 868 1700 921 1754; x_wconf 89' lang='grc' dir='ltr'><strong><em>της</em></strong></span> <span class='ocrx_word' id='word_1_154' title='bbox 930 1679 991 1737; x_wconf 78' lang='grc' dir='ltr'><strong><em>τῶν</em></strong></span> 
     </span>
     <span class='ocr_line' id='line_1_19' title="bbox 78 1749 989 1899; baseline -0.007 -76"><span class='ocrx_word' id='word_1_155' title='bbox 78 1753 235 1857; x_wconf 79' lang='grc' dir='ltr'><strong><em>προχόνωη</em></strong></span> <span class='ocrx_word' id='word_1_156' title='bbox 242 1749 363 1856; x_wconf 81' lang='grc' dir='ltr'><strong><em>δόξης</em></strong></span> <span class='ocrx_word' id='word_1_157' title='bbox 335 1779 367 1818; x_wconf 89' lang='grc' dir='ltr'><strong><em>το</em></strong></span> <span class='ocrx_word' id='word_1_158' title='bbox 378 1762 520 1858; x_wconf 81' lang='grc' dir='ltr'><strong><em>περιορᾶν</em></strong></span> <span class='ocrx_word' id='word_1_159' title='bbox 529 1751 597 1831; x_wconf 72' lang='grc' dir='ltr'><strong><em>τοὺς</em></strong></span> <span class='ocrx_word' id='word_1_160' title='bbox 598 1754 744 1859; x_wconf 72' lang='grc' dir='ltr'><strong><em>Ἐλληηας</em></strong></span> <span class='ocrx_word' id='word_1_161' title='bbox 755 1756 989 1899; x_wconf 74' lang='lat'>666666666666-</span> 
     </span>
    </p>

    <p class='ocr_par' dir='ltr' id='par_1_4' title="bbox 0 1834 988 1946">
     <span class='ocr_line' id='line_1_20' title="bbox 0 1834 988 1946; baseline -0.007 -39"><span class='ocrx_word' id='word_1_162' title='bbox 0 1850 5 1891; x_wconf 88' lang='lat'>:</span> <span class='ocrx_word' id='word_1_163' title='bbox 33 1916 36 1921; x_wconf 91' lang='lat'>.</span> <span class='ocrx_word' id='word_1_164' title='bbox 82 1867 159 1945; x_wconf 81' lang='grc' dir='ltr'><strong><em>νρυς.</em></strong></span> <span class='ocrx_word' id='word_1_165' title='bbox 192 1836 239 1904; x_wconf 93' lang='grc' dir='ltr'><strong><em>διο</em></strong></span> <span class='ocrx_word' id='word_1_166' title='bbox 250 1835 390 1940; x_wconf 87' lang='grc' dir='ltr'><strong><em>δεδοχθαι</em></strong></span> <span class='ocrx_word' id='word_1_167' title='bbox 400 1865 435 1924; x_wconf 87' lang='grc' dir='ltr'><strong><em>τη</em></strong></span> <span class='ocrx_word' id='word_1_168' title='bbox 422 1845 540 1925; x_wconf 87' lang='grc' dir='ltr'><strong><em>βουλη</em></strong></span> <span class='ocrx_word' id='word_1_169' title='bbox 551 1866 601 1903; x_wconf 83' lang='grc' dir='ltr'><strong><em>παι</em></strong></span> <span class='ocrx_word' id='word_1_170' title='bbox 611 1865 653 1925; x_wconf 75' lang='grc' dir='ltr'><strong><em>την</em></strong></span> <span class='ocrx_word' id='word_1_171' title='bbox 640 1836 789 1944; x_wconf 87' lang='grc' dir='ltr'><strong><em>δημω</em></strong></span> <span class='ocrx_word' id='word_1_172' title='bbox 759 1865 800 1903; x_wconf 88' lang='grc' dir='ltr'><strong><em>τω</em></strong></span> <span class='ocrx_word' id='word_1_173' title='bbox 788 1834 938 1946; x_wconf 84' lang='grc' dir='ltr'><strong><em>Ἀθηναί</em></strong></span> <span class='ocrx_word' id='word_1_174' title='bbox 937 1864 988 1916; x_wconf 89' lang='grc' dir='ltr'><strong><em>ων,</em></strong></span> 
     </span>
    </p>

    <p class='ocr_par' dir='ltr' id='par_1_5' title="bbox 75 1918 988 2030">
     <span class='ocr_line' id='line_1_21' title="bbox 75 1918 988 2030; baseline -0.002 -40.912"><span class='ocrx_word' id='word_1_175' title='bbox 75 1918 271 2026; x_wconf 73' lang='grc' dir='ltr'><strong><em>εόξαμίηους</em></strong></span> <span class='ocrx_word' id='word_1_176' title='bbox 271 1922 322 1986; x_wconf 79' lang='grc' dir='ltr'><strong><em>καὶ</em></strong></span> <span class='ocrx_word' id='word_1_177' title='bbox 336 1918 488 2030; x_wconf 75' lang='grc' dir='ltr'><strong><em>θήσριντας</em></strong></span> <span class='ocrx_word' id='word_1_178' title='bbox 498 1933 558 1998; x_wconf 89' lang='grc' dir='ltr'><strong><em>τοῖς</em></strong></span> <span class='ocrx_word' id='word_1_179' title='bbox 573 1931 656 1999; x_wconf 86' lang='grc' dir='ltr'><strong><em>θεοῖς</em></strong></span> <span class='ocrx_word' id='word_1_180' title='bbox 671 1923 752 1987; x_wconf 81' lang='grc' dir='ltr'><strong><em>ιταλ”</em></strong></span> <span class='ocrx_word' id='word_1_181' title='bbox 732 1944 825 2009; x_wconf 89' lang='grc' dir='ltr'><strong><em>ηρωσι</em></strong></span> <span class='ocrx_word' id='word_1_182' title='bbox 834 1933 894 2000; x_wconf 87' lang='grc' dir='ltr'><strong><em>τοῖς</em></strong></span> <span class='ocrx_word' id='word_1_183' title='bbox 905 1924 988 1987; x_wconf 69' lang='lat'>6666-</span> 
     </span>
    </p>

    <p class='ocr_par' dir='ltr' id='par_1_6' title="bbox 77 2000 1052 2676">
     <span class='ocr_line' id='line_1_22' title="bbox 77 2000 988 2114; baseline -0.004 -40"><span class='ocrx_word' id='word_1_184' title='bbox 77 2002 224 2092; x_wconf 79' lang='grc' dir='ltr'><strong><em>χονσιτήν</em></strong></span> <span class='ocrx_word' id='word_1_185' title='bbox 231 2003 318 2072; x_wconf 92' lang='grc' dir='ltr'><strong><em>πολιν</em></strong></span> <span class='ocrx_word' id='word_1_186' title='bbox 327 2005 378 2068; x_wconf 89' lang='grc' dir='ltr'><strong><em>ιιαι</em></strong></span> <span class='ocrx_word' id='word_1_187' title='bbox 385 2031 439 2087; x_wconf 89' lang='grc' dir='ltr'><strong><em>την</em></strong></span> <span class='ocrx_word' id='word_1_188' title='bbox 446 2031 546 2114; x_wconf 84' lang='grc' dir='ltr'><strong><em>χωραν</em></strong></span> <span class='ocrx_word' id='word_1_189' title='bbox 553 2034 607 2089; x_wconf 93' lang='grc' dir='ltr'><strong><em>την</em></strong></span> <span class='ocrx_word' id='word_1_190' title='bbox 612 2000 790 2105; x_wconf 85' lang='grc' dir='ltr'><strong><em>Αθηναίων,</em></strong></span> <span class='ocrx_word' id='word_1_191' title='bbox 797 2034 848 2072; x_wconf 87' lang='grc' dir='ltr'><strong><em>ιιαι</em></strong></span> <span class='ocrx_word' id='word_1_192' title='bbox 839 2009 988 2088; x_wconf 77' lang='grc' dir='ltr'><strong><em>ἐνθυμη-</em></strong></span> 
     </span>
     <span class='ocr_line' id='line_1_23' title="bbox 77 2086 987 2196; baseline -0.008 -38"><span class='ocrx_word' id='word_1_193' title='bbox 77 2095 231 2166; x_wconf 79' lang='grc' dir='ltr'><strong><em>θέντας</em></strong></span> <span class='ocrx_word' id='word_1_194' title='bbox 194 2116 246 2194; x_wconf 90' lang='grc' dir='ltr'><strong><em>της</em></strong></span> <span class='ocrx_word' id='word_1_195' title='bbox 253 2096 312 2155; x_wconf 78' lang='grc' dir='ltr'><strong><em>τοῖν</em></strong></span> <span class='ocrx_word' id='word_1_196' title='bbox 307 2089 476 2196; x_wconf 76' lang='grc' dir='ltr'><strong><em>προγόνων</em></strong></span> <span class='ocrx_word' id='word_1_197' title='bbox 487 2089 599 2173; x_wconf 81' lang='grc' dir='ltr'><strong><em>άρετῆς,</em></strong></span> <span class='ocrx_word' id='word_1_198' title='bbox 607 2086 681 2154; x_wconf 89' lang='grc' dir='ltr'><strong><em>διότι</em></strong></span> <span class='ocrx_word' id='word_1_199' title='bbox 690 2093 757 2177; x_wconf 77' lang='grc' dir='ltr'><strong><em>περὶ</em></strong></span> <span class='ocrx_word' id='word_1_200' title='bbox 765 2096 832 2156; x_wconf 88' lang='grc' dir='ltr'><strong><em>πλεί</em></strong></span> <span class='ocrx_word' id='word_1_201' title='bbox 830 2117 898 2196; x_wconf 83' lang='lat'>0669</span> <span class='ocrx_word' id='word_1_202' title='bbox 909 2092 987 2154; x_wconf 82' lang='grc' dir='ltr'><strong><em>ἕποι-</em></strong></span> 
     </span>
     <span class='ocr_line' id='line_1_24' title="bbox 81 2168 1052 2280; baseline -0.006 -39"><span class='ocrx_word' id='word_1_203' title='bbox 81 2183 169 2247; x_wconf 73' lang='grc' dir='ltr'><strong><em>οὗνεο</em></strong></span> <span class='ocrx_word' id='word_1_204' title='bbox 178 2169 233 2256; x_wconf 78' lang='grc' dir='ltr'><strong><em>τήν</em></strong></span> <span class='ocrx_word' id='word_1_205' title='bbox 243 2181 303 2237; x_wconf 82' lang='grc' dir='ltr'><strong><em>τῶν</em></strong></span> <span class='ocrx_word' id='word_1_206' title='bbox 307 2168 457 2257; x_wconf 89' lang='grc' dir='ltr'><strong><em>Ελλήνων</em></strong></span> <span class='ocrx_word' id='word_1_207' title='bbox 468 2176 638 2256; x_wconf 77' lang='grc' dir='ltr'><strong><em>ἐλευθερίαν</em></strong></span> <span class='ocrx_word' id='word_1_208' title='bbox 649 2171 892 2280; x_wconf 78' lang='grc' dir='ltr'><strong><em>διατηρεΐνήτην</em></strong></span> <span class='ocrx_word' id='word_1_209' title='bbox 908 2177 989 2278; x_wconf 82' lang='grc' dir='ltr'><strong><em>ίδίαη</em></strong></span> <span class='ocrx_word' id='word_1_210' title='bbox 998 2183 1052 2236; x_wconf 73' lang='lat'><strong><em>290</em></strong></span> 
     </span>
     <span class='ocr_line' id='line_1_25' title="bbox 80 2254 988 2362; baseline -0.007 -38"><span class='ocrx_word' id='word_1_211' title='bbox 80 2260 224 2362; x_wconf 88' lang='grc' dir='ltr'><strong><em>πατρίδα,</em></strong></span> <span class='ocrx_word' id='word_1_212' title='bbox 245 2261 396 2358; x_wconf 81' lang='grc' dir='ltr'><strong><em>διακρσίας</em></strong></span> <span class='ocrx_word' id='word_1_213' title='bbox 406 2264 480 2332; x_wconf 80' lang='grc' dir='ltr'><strong><em>ναῦς</em></strong></span> <span class='ocrx_word' id='word_1_214' title='bbox 490 2260 648 2321; x_wconf 79' lang='grc' dir='ltr'><strong><em>καθέλκειν</em></strong></span> <span class='ocrx_word' id='word_1_215' title='bbox 659 2254 763 2338; x_wconf 87' lang='grc' dir='ltr'><strong><em>ιίςτην</em></strong></span> <span class='ocrx_word' id='word_1_216' title='bbox 773 2257 926 2322; x_wconf 87' lang='grc' dir='ltr'><strong><em>θάλατταν</em></strong></span> <span class='ocrx_word' id='word_1_217' title='bbox 936 2258 988 2356; x_wconf 78' lang='lat'><strong><em>666</em></strong></span> 
     </span>
     <span class='ocr_line' id='line_1_26' title="bbox 81 2333 988 2452; baseline -0.008 -45"><span class='ocrx_word' id='word_1_218' title='bbox 81 2338 135 2407; x_wconf 80' lang='grc' dir='ltr'><strong><em>τὸν</em></strong></span> <span class='ocrx_word' id='word_1_219' title='bbox 146 2338 296 2452; x_wconf 77' lang='grc' dir='ltr'><strong><em>νηόαρχον</em></strong></span> <span class='ocrx_word' id='word_1_220' title='bbox 308 2333 452 2404; x_wconf 85' lang='grc' dir='ltr'><strong><em>άναπλεῖν</em></strong></span> <span class='ocrx_word' id='word_1_221' title='bbox 463 2336 543 2415; x_wconf 79' lang='grc' dir='ltr'><strong><em>ἐντὸς</em></strong></span> <span class='ocrx_word' id='word_1_222' title='bbox 553 2346 680 2415; x_wconf 80' lang='grc' dir='ltr'><strong><em>Πυλῶν,</em></strong></span> <span class='ocrx_word' id='word_1_223' title='bbox 702 2335 816 2405; x_wconf 79' lang='grc' dir='ltr'><strong><em>καίτοι</em></strong></span> <span class='ocrx_word' id='word_1_224' title='bbox 826 2334 988 2440; x_wconf 78' lang='grc' dir='ltr'><strong><em>στρατηγὸν</em></strong></span> 
     </span>
     <span class='ocr_line' id='line_1_27' title="bbox 82 2416 988 2528; baseline -0.009 -38"><span class='ocrx_word' id='word_1_225' title='bbox 82 2418 182 2490; x_wconf 80' lang='grc' dir='ltr'><strong><em>ιιαλ</em></strong></span> <span class='ocrx_word' id='word_1_226' title='bbox 154 2449 206 2489; x_wconf 92' lang='grc' dir='ltr'><strong><em>τον</em></strong></span> <span class='ocrx_word' id='word_1_227' title='bbox 223 2429 375 2528; x_wconf 74' lang='grc' dir='ltr'><strong><em>ἵππαρχον</em></strong></span> <span class='ocrx_word' id='word_1_228' title='bbox 395 2419 446 2500; x_wconf 84' lang='grc' dir='ltr'><strong><em>τάς</em></strong></span> <span class='ocrx_word' id='word_1_229' title='bbox 467 2419 555 2501; x_wconf 81' lang='grc' dir='ltr'><strong><em>πεζάς</em></strong></span> <span class='ocrx_word' id='word_1_230' title='bbox 572 2422 623 2486; x_wconf 80' lang='grc' dir='ltr'><strong><em>καὶ</em></strong></span> <span class='ocrx_word' id='word_1_231' title='bbox 638 2416 691 2496; x_wconf 79' lang='grc' dir='ltr'><strong><em>τάς</em></strong></span> <span class='ocrx_word' id='word_1_232' title='bbox 707 2417 831 2498; x_wconf 85' lang='grc' dir='ltr'><strong><em>ίππιιιδις</em></strong></span> <span class='ocrx_word' id='word_1_233' title='bbox 849 2419 988 2522; x_wconf 81' lang='grc' dir='ltr'><strong><em>δηνάμεις</em></strong></span> 
     </span>
     <span class='ocr_line' id='line_1_28' title="bbox 79 2498 988 2614; baseline -0.009 -39.947"><span class='ocrx_word' id='word_1_234' title='bbox 79 2504 265 2574; x_wconf 85' lang='grc' dir='ltr'><strong><em>Ἐλευσῖνάδε</em></strong></span> <span class='ocrx_word' id='word_1_235' title='bbox 281 2506 409 2590; x_wconf 76' lang='grc' dir='ltr'><strong><em>ἐξάγειν,</em></strong></span> <span class='ocrx_word' id='word_1_236' title='bbox 422 2510 547 2614; x_wconf 74' lang='grc' dir='ltr'><strong><em>πέμψαι</em></strong></span> <span class='ocrx_word' id='word_1_237' title='bbox 565 2508 597 2570; x_wconf 94' lang='grc' dir='ltr'><strong><em>δε</em></strong></span> <span class='ocrx_word' id='word_1_238' title='bbox 613 2505 664 2568; x_wconf 84' lang='grc' dir='ltr'><strong><em>ιιαλ</em></strong></span> <span class='ocrx_word' id='word_1_239' title='bbox 680 2504 814 2606; x_wconf 74' lang='grc' dir='ltr'><strong><em>πρέσβεις</em></strong></span> <span class='ocrx_word' id='word_1_240' title='bbox 829 2498 903 2587; x_wconf 82' lang='grc' dir='ltr'><strong><em>πρὸς</em></strong></span> <span class='ocrx_word' id='word_1_241' title='bbox 920 2498 988 2577; x_wconf 73' lang='grc' dir='ltr'><strong><em>τοὺς</em></strong></span> 
     </span>
     <span class='ocr_line' id='line_1_29' title="bbox 81 2582 989 2696; baseline -0.009 -39"><span class='ocrx_word' id='word_1_242' title='bbox 81 2591 188 2668; x_wconf 86' lang='grc' dir='ltr'><strong><em>άλλονς</em></strong></span> <span class='ocrx_word' id='word_1_243' title='bbox 188 2588 349 2695; x_wconf 90' lang='grc' dir='ltr'><strong><em>Ελληνας,</em></strong></span> <span class='ocrx_word' id='word_1_244' title='bbox 369 2599 486 2696; x_wconf 79' lang='grc' dir='ltr'><strong><em>πρῶτον</em></strong></span> <span class='ocrx_word' id='word_1_245' title='bbox 503 2591 535 2656; x_wconf 90' lang='grc' dir='ltr'><strong><em>δε</em></strong></span> <span class='ocrx_word' id='word_1_246' title='bbox 550 2587 670 2653; x_wconf 90' lang='grc' dir='ltr'><strong><em>πάντων</em></strong></span> <span class='ocrx_word' id='word_1_247' title='bbox 686 2583 760 2671; x_wconf 86' lang='grc' dir='ltr'><strong><em>πρὸς</em></strong></span> <span class='ocrx_word' id='word_1_248' title='bbox 774 2591 922 2690; x_wconf 87' lang='grc' dir='ltr'><strong><em>Θηβαίους</em></strong></span> <span class='ocrx_word' id='word_1_249' title='bbox 938 2582 989 2649; x_wconf 89' lang='grc' dir='ltr'><strong><em>διδι</em></strong></span> 
     </span>
    </p>

    <p class='ocr_par' dir='ltr' id='par_1_7' title="bbox 0 2669 1084 3429">
     <span class='ocr_line' id='line_1_30' title="bbox 0 2669 986 2780; baseline -0.009 -38"><span class='ocrx_word' id='word_1_250' title='bbox 0 2698 21 2735; x_wconf 44' lang='grc' dir='ltr'><strong><em>ἓν</em></strong></span> <span class='ocrx_word' id='word_1_251' title='bbox 81 2671 272 2780; x_wconf 73' lang='grc' dir='ltr'><strong><em>τδέχμυτάτιρ</em></strong></span> <span class='ocrx_word' id='word_1_252' title='bbox 282 2671 396 2777; x_wconf 75' lang='grc' dir='ltr'><strong><em>εἴηαι</em></strong></span> <span class='ocrx_word' id='word_1_253' title='bbox 368 2701 420 2739; x_wconf 91' lang='grc' dir='ltr'><strong><em>τον</em></strong></span> <span class='ocrx_word' id='word_1_254' title='bbox 434 2679 583 2739; x_wconf 86' lang='grc' dir='ltr'><strong><em>Φίλιππον</em></strong></span> <span class='ocrx_word' id='word_1_255' title='bbox 593 2678 644 2755; x_wconf 79' lang='grc' dir='ltr'><strong><em>τῆς</em></strong></span> <span class='ocrx_word' id='word_1_256' title='bbox 661 2669 839 2735; x_wconf 80' lang='grc' dir='ltr'><strong><em>ἒιιείνοιν’</em></strong></span> <span class='ocrx_word' id='word_1_257' title='bbox 787 2697 907 2776; x_wconf 88' lang='grc' dir='ltr'><strong><em>χωρας,</em></strong></span> <span class='ocrx_word' id='word_1_258' title='bbox 930 2693 986 2733; x_wconf 90' lang='grc' dir='ltr'><strong><em>πα-</em></strong></span> 
     </span>
     <span class='ocr_line' id='line_1_31' title="bbox 82 2750 988 2907; baseline -0.009 -82"><span class='ocrx_word' id='word_1_259' title='bbox 82 2767 221 2865; x_wconf 80' lang='grc' dir='ltr'><strong><em>ρακαλεῖν</em></strong></span> <span class='ocrx_word' id='word_1_260' title='bbox 237 2757 270 2822; x_wconf 82' lang='grc' dir='ltr'><strong><em>δὲ</em></strong></span> <span class='ocrx_word' id='word_1_261' title='bbox 284 2752 391 2907; x_wconf 73' lang='grc' dir='ltr'><strong><em>αὖτοδς</em></strong></span> <span class='ocrx_word' id='word_1_262' title='bbox 407 2761 499 2842; x_wconf 82' lang='grc' dir='ltr'><strong><em>μηδὲν</em></strong></span> <span class='ocrx_word' id='word_1_263' title='bbox 516 2750 795 2863; x_wconf 64' lang='grc' dir='ltr'><strong><em>ταταπλαήιίντας</em></strong></span> <span class='ocrx_word' id='word_1_264' title='bbox 766 2780 819 2820; x_wconf 91' lang='grc' dir='ltr'><strong><em>τον</em></strong></span> <span class='ocrx_word' id='word_1_265' title='bbox 839 2759 988 2818; x_wconf 88' lang='grc' dir='ltr'><strong><em>Φίλιππον</em></strong></span> 
     </span>
     <span class='ocr_line' id='line_1_32' title="bbox 81 2834 1044 2926; baseline -0.007 -18"><span class='ocrx_word' id='word_1_266' title='bbox 81 2840 303 2926; x_wconf 82' lang='grc' dir='ltr'><strong><em>αυτίχεσθαι</em></strong></span> <span class='ocrx_word' id='word_1_267' title='bbox 267 2867 318 2921; x_wconf 88' lang='grc' dir='ltr'><strong><em>της</em></strong></span> <span class='ocrx_word' id='word_1_268' title='bbox 330 2845 442 2907; x_wconf 85' lang='grc' dir='ltr'><strong><em>αυτων</em></strong></span> <span class='ocrx_word' id='word_1_269' title='bbox 451 2845 502 2906; x_wconf 83' lang='grc' dir='ltr'><strong><em>καλ</em></strong></span> <span class='ocrx_word' id='word_1_270' title='bbox 512 2868 564 2924; x_wconf 88' lang='grc' dir='ltr'><strong><em>της</em></strong></span> <span class='ocrx_word' id='word_1_271' title='bbox 574 2866 633 2905; x_wconf 84' lang='grc' dir='ltr'><strong><em>τιον</em></strong></span> <span class='ocrx_word' id='word_1_272' title='bbox 644 2847 741 2905; x_wconf 87' lang='grc' dir='ltr'><strong><em>αλλων</em></strong></span> <span class='ocrx_word' id='word_1_273' title='bbox 747 2834 897 2921; x_wconf 82' lang='grc' dir='ltr'><strong><em>Ελλήνων</em></strong></span> <span class='ocrx_word' id='word_1_274' title='bbox 907 2840 986 2902; x_wconf 74' lang='grc' dir='ltr'><strong><em>ἕλεν</em></strong></span> <span class='ocrx_word' id='word_1_275' title='bbox 1041 2910 1044 2914; x_wconf 16' lang='grc' dir='ltr'><strong>Δ</strong></span> 
     </span>
     <span class='ocr_line' id='line_1_33' title="bbox 80 2918 1018 3029; baseline -0.007 -38"><span class='ocrx_word' id='word_1_276' title='bbox 80 2932 219 3029; x_wconf 83' lang='grc' dir='ltr'><strong><em>θερίας,</em></strong></span> <span class='ocrx_word' id='word_1_277' title='bbox 223 2925 308 2989; x_wconf 78' lang='grc' dir='ltr'><strong><em>καλ”</em></strong></span> <span class='ocrx_word' id='word_1_278' title='bbox 288 2953 336 2991; x_wconf 90' lang='grc' dir='ltr'><strong><em>οτι</em></strong></span> <span class='ocrx_word' id='word_1_279' title='bbox 351 2953 367 2992; x_wconf 93' lang='grc' dir='ltr'><strong><em>ο</em></strong></span> <span class='ocrx_word' id='word_1_280' title='bbox 355 2922 506 3027; x_wconf 71' lang='grc' dir='ltr'><strong><em>Ἀθηναί</em></strong></span> <span class='ocrx_word' id='word_1_281' title='bbox 505 2953 546 2989; x_wconf 87' lang='grc' dir='ltr'><strong><em>ων</em></strong></span> <span class='ocrx_word' id='word_1_282' title='bbox 563 2930 669 3008; x_wconf 80' lang='grc' dir='ltr'><strong><em>δῆμος,</em></strong></span> <span class='ocrx_word' id='word_1_283' title='bbox 692 2918 780 2988; x_wconf 82' lang='grc' dir='ltr'><strong><em>ον’δὲν</em></strong></span> <span class='ocrx_word' id='word_1_284' title='bbox 797 2929 990 3026; x_wconf 71' lang='grc' dir='ltr'><strong><em>μνηβιιιριιιιον</em></strong></span> <span class='ocrx_word' id='word_1_285' title='bbox 1015 2990 1018 2997; x_wconf 14' lang='grc' dir='ltr'><strong><em>Δ</em></strong></span> 
     </span>
     <span class='ocr_line' id='line_1_34' title="bbox 81 3000 989 3152; baseline -0.008 -77"><span class='ocrx_word' id='word_1_286' title='bbox 81 3015 112 3075; x_wconf 84' lang='grc' dir='ltr'><strong><em>εί</em></strong></span> <span class='ocrx_word' id='word_1_287' title='bbox 122 3036 151 3075; x_wconf 89' lang='grc' dir='ltr'><strong><em>τι</em></strong></span> <span class='ocrx_word' id='word_1_288' title='bbox 161 3006 303 3112; x_wconf 90' lang='grc' dir='ltr'><strong><em>πρότερον</em></strong></span> <span class='ocrx_word' id='word_1_289' title='bbox 318 3013 438 3094; x_wconf 81' lang='grc' dir='ltr'><strong><em>γέγονεν</em></strong></span> <span class='ocrx_word' id='word_1_290' title='bbox 455 3004 610 3118; x_wconf 76' lang='grc' dir='ltr'><strong><em>άλλότριοη</em></strong></span> <span class='ocrx_word' id='word_1_291' title='bbox 620 3015 684 3080; x_wconf 85' lang='grc' dir='ltr'><strong><em>ταῖς</em></strong></span> <span class='ocrx_word' id='word_1_292' title='bbox 697 3006 798 3072; x_wconf 84' lang='grc' dir='ltr'><strong><em>πόλεσι</em></strong></span> <span class='ocrx_word' id='word_1_293' title='bbox 811 3001 885 3152; x_wconf 74' lang='lat'>6669</span> <span class='ocrx_word' id='word_1_294' title='bbox 900 3000 989 3110; x_wconf 87' lang='grc' dir='ltr'><strong><em>άλλή-</em></strong></span> 
     </span>
     <span class='ocr_line' id='line_1_35' title="bbox 80 3085 990 3200; baseline -0.013 -40.987"><span class='ocrx_word' id='word_1_295' title='bbox 80 3101 150 3198; x_wconf 87' lang='grc' dir='ltr'><strong><em>λας,</em></strong></span> <span class='ocrx_word' id='word_1_296' title='bbox 172 3091 335 3195; x_wconf 69' lang='grc' dir='ltr'><strong><em>βοηθήσει</em></strong></span> <span class='ocrx_word' id='word_1_297' title='bbox 333 3095 384 3158; x_wconf 81' lang='grc' dir='ltr'><strong><em>παλ</em></strong></span> <span class='ocrx_word' id='word_1_298' title='bbox 405 3091 556 3200; x_wconf 73' lang='grc' dir='ltr'><strong><em>δυνάμεσι·</em></strong></span> <span class='ocrx_word' id='word_1_299' title='bbox 563 3094 613 3155; x_wconf 83' lang='grc' dir='ltr'><strong><em>καλ</em></strong></span> <span class='ocrx_word' id='word_1_300' title='bbox 612 3085 755 3195; x_wconf 77' lang='grc' dir='ltr'><strong><em>χρήμασι</em></strong></span> <span class='ocrx_word' id='word_1_301' title='bbox 773 3117 824 3154; x_wconf 85' lang='grc' dir='ltr'><strong><em>ται</em></strong></span> <span class='ocrx_word' id='word_1_302' title='bbox 814 3090 868 3172; x_wconf 82' lang='grc' dir='ltr'><strong><em>βί</em></strong></span> <span class='ocrx_word' id='word_1_303' title='bbox 869 3095 928 3152; x_wconf 88' lang='grc' dir='ltr'><strong><em>λεσι</em></strong></span> <span class='ocrx_word' id='word_1_304' title='bbox 939 3086 990 3151; x_wconf 79' lang='grc' dir='ltr'><strong><em>καλ</em></strong></span> 
     </span>
     <span class='ocr_line' id='line_1_36' title="bbox 80 3169 988 3286; baseline -0.012 -42.988"><span class='ocrx_word' id='word_1_305' title='bbox 80 3174 196 3258; x_wconf 87' lang='grc' dir='ltr'><strong><em>οπλοις,</em></strong></span> <span class='ocrx_word' id='word_1_306' title='bbox 209 3172 335 3286; x_wconf 60' lang='grc' dir='ltr'><strong><em>διδόας’</em></strong></span> <span class='ocrx_word' id='word_1_307' title='bbox 319 3204 363 3244; x_wconf 91' lang='grc' dir='ltr'><strong><em>οτι</em></strong></span> <span class='ocrx_word' id='word_1_308' title='bbox 380 3170 479 3251; x_wconf 73' lang='grc' dir='ltr'><strong><em>αὐτοῖς</em></strong></span> <span class='ocrx_word' id='word_1_309' title='bbox 481 3177 550 3280; x_wconf 77' lang='grc' dir='ltr'><strong><em>μὲν</em></strong></span> <span class='ocrx_word' id='word_1_310' title='bbox 566 3169 639 3258; x_wconf 84' lang='grc' dir='ltr'><strong><em>πρὸς</em></strong></span> <span class='ocrx_word' id='word_1_311' title='bbox 656 3171 799 3277; x_wconf 76' lang='grc' dir='ltr'><strong><em>ἀλλήλους</em></strong></span> <span class='ocrx_word' id='word_1_312' title='bbox 810 3175 988 3274; x_wconf 83' lang='grc' dir='ltr'><strong><em>διαμφισβη-</em></strong></span> 
     </span>
     <span class='ocr_line' id='line_1_37' title="bbox 80 3248 1084 3367; baseline -0.014 -41"><span class='ocrx_word' id='word_1_313' title='bbox 80 3269 142 3326; x_wconf 83' lang='grc' dir='ltr'><strong><em>τεῖν</em></strong></span> <span class='ocrx_word' id='word_1_314' title='bbox 150 3263 219 3367; x_wconf 82' lang='grc' dir='ltr'><strong><em>περὶ</em></strong></span> <span class='ocrx_word' id='word_1_315' title='bbox 229 3268 279 3365; x_wconf 81' lang='grc' dir='ltr'><strong><em>τῆς</em></strong></span> <span class='ocrx_word' id='word_1_316' title='bbox 289 3256 446 3365; x_wconf 73' lang='grc' dir='ltr'><strong><em>ἡγεμονίης</em></strong></span> <span class='ocrx_word' id='word_1_317' title='bbox 458 3250 665 3339; x_wconf 78' lang='grc' dir='ltr'><strong><em>οὖσινἝλλησι</em></strong></span> <span class='ocrx_word' id='word_1_318' title='bbox 682 3253 789 3360; x_wconf 77' lang='grc' dir='ltr'><strong><em>πηλὸν,</em></strong></span> <span class='ocrx_word' id='word_1_319' title='bbox 812 3252 871 3320; x_wconf 86' lang='grc' dir='ltr'><strong><em>υπὸ</em></strong></span> <span class='ocrx_word' id='word_1_320' title='bbox 889 3254 921 3316; x_wconf 81' lang='lat'><strong><em>66</em></strong></span> <span class='ocrx_word' id='word_1_321' title='bbox 937 3248 988 3316; x_wconf 89' lang='grc' dir='ltr'><strong><em>άλ-</em></strong></span> <span class='ocrx_word' id='word_1_322' title='bbox 1058 3282 1084 3321; x_wconf 79' lang='lat'><em>0</em></span> 
     </span>
     <span class='ocr_line' id='line_1_38' title="bbox 79 3329 989 3442; baseline -0.013 -30.973"><span class='ocrx_word' id='word_1_323' title='bbox 79 3344 213 3442; x_wconf 84' lang='grc' dir='ltr'><strong><em>λοφόλου</em></strong></span> <span class='ocrx_word' id='word_1_324' title='bbox 230 3339 395 3429; x_wconf 79' lang='grc' dir='ltr'><strong><em>άνθροόπον</em></strong></span> <span class='ocrx_word' id='word_1_325' title='bbox 413 3342 557 3426; x_wconf 86' lang='grc' dir='ltr'><strong><em>άρχεσθαι</em></strong></span> <span class='ocrx_word' id='word_1_326' title='bbox 574 3345 625 3406; x_wconf 80' lang='grc' dir='ltr'><strong><em>ιιαλ</em></strong></span> <span class='ocrx_word' id='word_1_327' title='bbox 641 3349 693 3422; x_wconf 80' lang='grc' dir='ltr'><strong><em>τῆς</em></strong></span> <span class='ocrx_word' id='word_1_328' title='bbox 703 3329 989 3423; x_wconf 75' lang='grc' dir='ltr'><strong><em>ήμεμονίαςάποστε-</em></strong></span> 
     </span>
    </p>
   </div>
   <div class='ocr_carea' id='block_1_3' title="bbox 0 0 1174 3894">
    <p class='ocr_par' dir='ltr' id='par_1_8' title="bbox 0 0 1174 3894">
     <span class='ocr_line' id='line_1_39' title="bbox 0 0 1174 3894; baseline 0 0"><span class='ocrx_word' id='word_1_329' title='bbox 0 0 1174 3894; x_wconf 95' lang='lat' dir='ltr'><strong><em> </em></strong></span> 
     </span>
    </p>
   </div>
  </div>
 </body>
</html>
