2340 3894
171 225 232 290 118
268 168 274 180 ι
385 227 419 285 Χ.
455 216 904 301 [ΔΗΜΟΣΘΕΝΟΓΣ]

170 407 259 471 σετε,
281 381 304 470 ή
316 381 509 470 πολεμήσετ’
522 384 554 461 ἐξ
566 391 656 448 ἴσον
678 382 734 474 καὶ
746 389 823 459 ίσως
835 374 894 464 όν,
913 390 1008 462 ἴσως,
1022 371 1125 446 dav-

171 483 441 569 δρεςἈθηναλοι,
460 477 569 563 ὥσπερ
582 487 647 548 νῦν
657 476 750 564 ὑμεῖς
761 477 982 545 πυνθάνεσθε
994 483 1030 544 τί
1037 492 1126 546 ποιεῖ

171 589 333 659 Φίλιππος
343 583 464 648 καὶποι
478 577 670 663 πορεύεται,
693 575 799 655 οὕτως
815 572 857 643 div
873 581 998 654 ἐκεῖνος
1015 600 1125 662 φρον·

43 748 60 777 χ
170 687 257 749 τίσαι
272 692 333 745 πολ
346 675 426 745 ποθ’
446 674 466 761 ή
484 683 541 762 τῆς
558 675 685 754 πόλεως
701 672 828 762 ιἰπήριιε
840 674 981 759 δύναμις
991 675 1048 742 καὶ
1058 683 1125 742 ποῦ

171 778 360 866 φανήσεται.

127 908 164 963 24
255 881 299 943 Εί
308 875 347 942 δέ
353 899 399 961 τω
411 877 502 940 δοκεῖ
508 896 612 938 ταυτα
623 873 678 938 καί
688 872 837 956 δαπάνης
847 879 971 956 πολλῆς
987 872 1044 938 καὶ
1061 871 1126 938 πό-

172 1001 243 1043 νων
259 978 393 1038 πολλῶν
401 966 465 1038 καί
480 976 665 1056 πραγματεί
663 996 700 1048 ας
650 969 819 1055 ίείναι,
841 972 895 1037 καὶ
914 968 992 1055 μόλ’
1012 967 1125 1054 όρθιδς

173 1077 275 1139 δοκεῖ’
300 1066 372 1136 ἀλλ’
392 1067 453 1136 έαν
469 1074 639 1152 λογίσηται
654 1069 694 1133 τὰ
705 1092 745 1154 τη
733 1069 851 1136 πόλει
861 1067 942 1154 μετὰ
953 1074 1059 1135 ταῦτα
1068 1094 1126 1153 γε-

37 1243 43 1256 ,
171 1169 357 1256 νησόμενα,
380 1166 439 1234 ε’όιν
456 1173 559 1234 ταῦτα
574 1165 619 1252 μή
630 1162 729 1253 έθέλη
740 1181 862 1253 ποιεῖν,
884 1164 1019 1252 εὑρήσει
1029 1173 1125 1233 λυσι-

170 1275 290 1335 τελοῦν
309 1263 346 1334 τό
366 1264 502 1344 ἑκόντας
519 1263 625 1333 ποιεῖν
639 1264 680 1332 τὰ
698 1267 823 1332 δέοντα.
858 1271 888 1333 εί
902 1264 962 1350 μέν
980 1265 1129 1350 γοίρέστί

166 1392 219 1452 4τις
230 1362 390 1451 ἐγγυητής
400 1360 462 1449 όμῖ
461 1391 482 1431 ν
449 1361 656 1447 ῑθεωνίοό
672 1362 736 1450 γὰρ
753 1362 947 1448 ἀνθρώπων
963 1389 1002 1449 γε
1015 1360 1125 1442 οὐδεὶς

171 1458 352 1549 ανγένοιτο
364 1460 744 1548 ἀξιόχρεωςτηλιιιούτου
762 1459 1009 1548 πρόγματος)’
984 1489 1044 1548 ως,
1066 1460 1126 1529 έαν

148 1559 275 1681 ήγηθ’
287 1559 533 1647 ήσνχίανκαλ“
510 1584 641 1628 απαντα
660 1561 828 1658 πρόησθε,
851 1559 913 1628 οὐκ
932 1559 982 1630 ἐπ’
1002 1559 1147 1683 αὐτουςι
1168 1594 1170 1629 ;

127 1686 161 1741 25
172 1658 258 1746 ὑμας
274 1665 437 1726 τελεντοέν
454 1662 579 1736 έκεινος
593 1654 688 1755 ἥξει,
701 1657 889 1745 αἰσχρόν
855 1687 918 1777 μεν
932 1659 974 1777 νή
987 1658 1050 1728 τόν
1059 1668 1126 1727 Δία

173 1759 227 1825 καὶ
238 1756 363 1835 πάντας
374 1754 477 1836 θεοὺς
488 1758 543 1824 καὶ
554 1741 720 1836 ιἰνσίξιον“
701 1783 797 1842 νμων
807 1758 861 1824 καί
872 1763 940 1825 τῶν
954 1754 1126 1843 ὑπαρχόν-

171 1881 239 1922 των
258 1863 299 1943 τή
319 1856 412 1923 πόλει
434 1857 489 1922 καὶ
511 1858 752 1941 πεπραγμένων
768 1870 836 1933 τοῖς
852 1856 1048 1940 προγόνοις,
1068 1864 1126 1940 τῆς

172 1957 256 2030 ι’δίας
277 1956 442 2038 ῥᾳθυμίας
462 1953 560 2020 ἕνεκα
576 1978 654 2030 τους
664 1951 830 2032 ἄλλους’
809 1977 956 2032 απαντας
964 1951 1126 2040 Ἕλληνας

172 2055 219 2128 είς
234 2055 387 2116 δουλείαν
404 2053 583 2136 προέσθαι,
606 2054 661 2118 καὶ
672 2049 770 2136 ἔγωγ’
782 2048 1126 2170 αὐτόςμέήτεθνόναι

128 2176 162 2231 ης
171 2143 332 2234 μαλλον
310 2143 489 2234 ανήταῦτ’
503 2153 668 2235 είρηιιέναι
683 2157 880 2235 βουλοίμην·
903 2147 951 2216 οὐ
961 2149 1031 2235 μήν
1049 2147 1122 2217 ἀλλ’

171 2255 204 2315 εί
210 2272 258 2325 τις
269 2245 367 2325 ἄλλος
378 2250 466 2332 λέγει
477 2245 561 2314 nal‘
541 2256 629 2333 υμοῖς
640 2257 760 2335 πείθει,
772 2253 870 2332 ἔστω,
883 2273 927 2333 μη
916 2244 1139 2332 σἰμύνεσθε,’

112 2416 114 2421 ,
170 2370 299 2413 απαυτα
317 2345 478 2430 πρόεσθε
508 2352 538 2416 εί
550 2347 586 2415 δέ
602 2349 717 2433 μηδενὶ
733 2354 832 2414 τοῦτο
852 2350 957 2429 δοκεῖ,
978 2343 1127 2413 τούναν-

169 2452 203 2513 τί
201 2472 241 2514 ον
189 2445 288 2512 ίδέ
300 2444 461 2531 πρόϊσμεν
472 2444 630 2529 ἅπαντες,
649 2445 699 2513 ὅτι
708 2442 776 2533 όσιμ
788 2440 831 2511 όίν
842 2444 1008 2512 πλειόνων
1019 2445 1127 2513 ἐάσω-

170 2569 232 2629 μεν
248 2547 381 2610 ’ἐκεῖνον
401 2546 560 2626 γενέσθαι
583 2543 717 2630 κόριον,
738 2543 888 2630 τοσούτω
908 2544 1126 2632 χαλεπωτέρῳ

170 2643 259 2707 καλέ
245 2645 444 2727 ἰσχυροτέρῳ
456 2642 653 2762 χρησόμεθα
669 2648 794 2764 έχθρήῐ,
816 2657 876 2710 πολ
888 2639 1126 2728 ἀναδυόμεθα,

171 2732 235 2822 ητί
243 2733 455 2820 μέλλομεν
439 2735 566 2823 ήπότε,
590 2767 615 2807 ω
605 2733 769 2823 όίνδρες’
764 2750 948 2825 Αθηναῖοι,
967 2768 1010 2808 πα
999 2741 1125 2808 δέον·

126 2860 209 2952 ηχτα
221 2848 326 2901 ποιεῖν
338 2835 591 2922 ἑθελήσομεν;
578 2836 660 2904 όταν
671 2865 712 2924 νη
702 2837 816 2907 ‘'’At
796 2832 1029 2925 ανάγκητιςή.
1052 2835 1124 2906 ἀλλ’

167 2928 211 3017 ήν
221 2929 316 3016 μὲν”
293 2957 337 2999 αν
347 2959 395 3011 τις
405 2937 592 3020 ἐλευθέρων
604 2933 827 3021 ἀνθρώπων’
808 2938 960 3023 ανόγιιην
972 2945 1070 3021 εἴποι,
1081 2934 1125 3003 οό

167 3028 275 3115 μόνον
284 3027 349 3116 ήδη
361 3029 535 3117 πόρεστιν,
553 3031 638 3101 ἄλλα
648 3061 703 3102 και
692 3035 814 3102 πάλαι
825 3035 1052 3122 παρελήλυθε,
1062 3033 1125 3122 τήν

169 3129 205 3196 δὲ
225 3134 294 3195 τῶν
313 3129 447 3197 δούλων
467 3129 671 3217 ἀπεύχεσθαι
693 3132 802 3218 δήπου
822 3132 867 3218 μή
887 3135 1048 3218 γενέσθαι
1064 3137 1124 3201 δεῖ.

168 3229 317 3313 διαφέρει
335 3227 370 3296 δέ
387 3236 421 3294 τί
425 3257 432 3306 ;
454 3227 505 3297 ότι
520 3233 609 3298 ἐστὶν
625 3234 791 3320 ἐλευθέρην
807 3230 869 3315 μὲν
879 3228 1053 3320 ἀνθρώπῳ
1064 3256 1124 3317 με·

167 3334 261 3412 γίστη
284 3323 412 3411 ἀνάγκη
433 3323 455 3411 ή
476 3325 561 3410 ὑπὲρ
580 3336 648 3397 τῶν
664 3330 870 3414 γιγνομένων
887 3328 1045 3415 αἰσχύνη,
1067 3331 1123 3396 καὶ

167 3430 264 3508 μείζω
281 3425 403 3509 ταύτης
417 3422 481 3493 οὐκ
499 3424 564 3494 οἷδ’
580 3426 700 3519 ήντινα
718 3420 761 3494 σ’ὶν
777 3436 864 3495 είποι
874 3451 936 3504 τις·
960 3425 1123 3515 δοόλωδδ
