2340 3894
303 180 447 245 ΜΛ
468 140 793 249 mmmm
964 188 1034 262 ,ιιι

69 339 260 430 νοδςέγήτε
269 345 326 413 καί
335 351 404 412 τών
415 340 587 437 κινδύνων
597 344 652 412 καλ
662 353 731 413 τών
741 344 980 434 ἀναλωμάτων,
987 349 1033 419 άν

69 466 102 507 τι
112 440 189 528 oin,
210 447 243 511 εί
256 443 293 511 δὲ
303 438 366 528 μή,
382 442 526 528 χρόνους
536 466 574 526 γε
586 444 741 529 ἐμποιῆτε
751 458 820 524 τοῖς
830 445 1032 532 πράγμασιν.

28 558 61 614 72
70 538 184 626 ἐπειδή
201 539 268 626 γάρ
284 542 354 608 ἐστι
368 539 451 627 πρὸς
469 540 576 624 άνδρα
593 542 650 608 καλ
660 539 734 622 οὐχὶ
745 543 956 630 συνεστώσης
966 545 1031 612 τό·

68 647 153 718 λεως
169 636 270 724 ίσχδν
286 637 475 726 δπόλεμος,
497 637 577 706 οὐδὲ
593 637 688 706 τοῦτ’
706 637 887 727 ἄχρηστον,
907 639 982 708 οὐδ’
995 647 1032 710 ac
1048 709 1050 715 ,

70 740 190 821 πέρυσι
212 744 384 824 πρεσβεῖαι
404 742 441 805 αί
458 740 533 823 περὶ
548 736 611 824 τήν
625 740 888 826 Πελοπόννησον
907 743 1030 809 ἐκεῖναι

69 837 124 905 καί
141 844 354 922 κατηγορίαι,
376 833 415 916 άς
433 837 496 922 ἐγώ
518 840 574 919 καλ
590 837 803 917 Πολύευκτος
823 835 842 907 δ
861 842 1029 924 βέλτιστος

69 937 213 1004 ἐκεινοσί
223 938 278 1005 καὶ
284 932 487 1023 Ἡγήσιππος
497 941 553 1005 καί
565 937 787 1023 Κλειτόμαχος
803 938 858 1005 καί
868 944 1028 1022 Λυκοῦρ-

68 1037 194 1120 γοςκαί
208 1039 243 1104 οί
250 1033 346 1103 άλλοι
363 1038 515 1122 πρέσβεις
531 1035 773 1122 περιήλθομεν,
795 1040 850 1105 καλ
869 1037 1028 1123 ἐποιήσα-

69 1159 132 1219 μεν
148 1136 294 1219 ἐπισχεῖυ
311 1136 440 1202 ἐκεῖνον
456 1136 512 1202 καλ
527 1132 603 1222 μήτ’
623 1131 674 1204 ἐπ’
691 1133 895 1222 Ἀμβρακίαν
914 1139 1026 1204 ἐλθεῖν

29 1249 60 1304 ῖλ
67 1229 144 1319 μήτ’
165 1238 212 1319 είς
220 1233 482 1318 Πελοπόννησον
498 1229 651 1318 ὁρμήσαι.
681 1231 722 1300 οὐ
739 1240 850 1320 μέντοι
867 1239 950 1320 λέγω
962 1262 1026 1321 μη-

68 1332 127 1401 δὲν
144 1328 270 1410 αὐτοὺς
288 1328 372 1415 ὑπὲρ
392 1329 507 1399 αὑτων
525 1329 709 1416 άναγκαίον
726 1334 902 1411 ἐθέλοντας
919 1349 1026 1419 ποιεῖν

66 1428 148 1510 τούς
158 1428 281 1509 ἄλλους
290 1438 510 1516 παρακαλεῖν·
522 1432 577 1499 καὶ
588 1429 654 1517 γάρ
665 1430 786 1518 εὔηθες
796 1429 836 1498 τά
848 1437 951 1499 οίκεῑα
963 1429 1027 1499 αὐ-
1053 1458 1056 1463 ‘

65 1527 147 1610 τοὺς
163 1533 381 1618 προϊεμένους
395 1536 465 1598 τῶν
482 1527 666 1614 ἀλλοτρίων
687 1530 830 1616 φάσκειν
851 1531 1024 1616 κήδεσθαι,
1050 1545 1051 1548 ’

68 1630 124 1697 καλ
145 1626 187 1698 τά
208 1630 358 1716 παρόντα
380 1637 606 1715 περιορῶντας
626 1627 711 1714 ὑπὲρ
739 1628 808 1697 τών
834 1629 1025 1715 μελλόντων

65 1728 145 1807 τούς
163 1726 287 1808 ἄλλους
303 1735 432 1816 φοβεῖν.
466 1725 511 1805 οὐ,
524 1732 609 1814 λέγω
626 1737 746 1813 ταῦτα,
768 1727 852 1796 άλλά
873 1743 941 1808 τοῖς
963 1728 1025 1814 μὲν

65 1831 101 1896 ἐν
111 1828 315 1916 Χερρονήσῳ
327 1825 465 1914 χρήματ’
479 1824 692 1896 ἀποστέλλειν
702 1831 787 1914 φημί
799 1831 868 1895 δεῖν
879 1828 934 1896 καὶ
944 1826 1025 1895 τάλ-

65 1935 107 1995 λιι
124 1925 190 1994 ὅσα
206 1926 336 2006 άξιοῦσι
356 1941 478 2011 ποιεῖν,
500 1926 622 2007 αὐτοὺς
646 1931 682 1996 δὲ
703 1926 1023 2014 παρασκευάζεσθαι,

67 2027 121 2094 καλ
142 2024 298 2109 πρώτους
318 2021 340 2092 ά
360 2024 421 2111 χρή
444 2026 714 2106 ποιοῦνταςτότε
731 2030 882 2106 καὶτοὺς
900 2025 1022 2106 ἄλλους
1036 2040 1087 2092 130

57 2122 221 2209 Ἕλληνας
242 2131 437 2210 συγκαλεῖν,
469 2125 646 2210 συνάγειν,
680 2127 866 2211 διδάσκειν,
895 2137 1021 2194 νουθε-

64 2236 149 2292 τεῖν·
170 2217 271 2290 ταῦτ’
287 2225 353 2291 ἐστὶ
370 2223 499 2302 πόλεως
516 2221 640 2309 άξίωμα
648 2225 795 2310 ’ἐχούσης
811 2223 928 2311 ἡλίκον
939 2223 1022 2309 ὑμῖν

27 2317 216 2407 ῖιδπάρχει.
249 2326 280 2388 εί
294 2320 327 2389 δ’
345 2331 458 2390 οἴεσθε
470 2324 653 2399 Χαλκιδέας
669 2322 731 2408 τήν
742 2320 882 2391 Ἐλλάδα
899 2323 1024 2389 σώσειν

52 2417 85 2509 ή
104 2425 302 2508 Μεγαρέας,
331 2418 424 2508 ὑμεῖς
446 2419 476 2489 δ’
500 2419 751 2505 άποδράσεσθαι
771 2422 811 2487 τά
834 2419 1021 2504 πράγματα,

65 2517 254 2606 οώκόρθώς
266 2529 396 2589 οίεσθε·
420 2516 591 2606 άγαπήτδν
613 2519 677 2602 γὰρ
706 2518 765 2587 ἐὰν
782 2516 875 2586 αὐτοὶ
887 2519 1023 2598 σώζων-

64 2646 116 2689 ται
125 2620 260 2690 τούτων
272 2621 411 2687 ἕκαστοι.
436 2615 510 2688 ἀλλ’
523 2616 603 2704 ὑμῖν
619 2624 719 2685 τοῦτο
737 2620 917 2701 πρακτέον·
940 2614 1023 2702 ὑμῖν

64 2724 97 2789 οί
111 2719 275 2805 πρόγονοι
290 2727 388 2787 τοῦτο
406 2717 442 2786 τὸ
459 2723 559 2805 γέρας
576 2719 756 2803 ἐκτήσαντο
773 2719 827 2785 καί
844 2718 1023 2785 κατέλιπον

26 2820 144 2905 ῖεμετά
154 2820 356 2886 πολλώνκαὶ
367 2817 521 2906 μεγάλων
532 2816 708 2885 κινδύνων.
734 2822 764 2884 εί
780 2815 811 2884 δ’
829 2813 850 2884 δ
866 2817 1020 2903 βούλεται

63 2923 168 3005 ζητῶν
179 2919 318 2996 ἕκαστος
329 2921 532 3003 καθεδεῖται,
555 2918 611 2984 καλ
621 2914 711 2995 ὅπως
720 2916 823 3002 μηδὲν
834 2913 934 2994 αὐτὸς
944 2939 1021 2983 ποι-

61 3016 133 3104 ήσει
144 3025 299 3102 σκοπών,
323 3025 455 3102 πρῶτον
473 3015 534 3102 μὲν
546 3013 588 3082 οὐ
600 3013 727 3102 μήποθ’
741 3012 824 3102 εὕρῃ
835 3013 913 3094 τοὺς
923 3015 1020 3101 ποιή-

63 3135 199 3202 σοντας,
222 3121 333 3184 ἔπειτα
352 3119 484 3184 δέδοικα
495 3114 584 3194 ὅπως
601 3112 644 3201 μή
664 3112 770 3182 πάνθ’
790 3113 874 3201 άμα,
896 3113 959 3182 ὅσα
978 3111 1030 3182 οὐ·

62 3216 274 3304 βδυλόμεθοι,
287 3230 394 3284 ποιεῖν
402 3213 481 3301 ήμῖν
492 3211 619 3300 ἀνάγκη
631 3216 772 3300 γένήται.
853 3279 857 3288 ,

26 3321 54 3379 76
141 3313 224 3402 'byei
244 3314 306 3399 μὲν
324 3312 365 3399 δὴ
375 3322 478 3382 ταῦτα
489 3316 590 3397 λέγω,
612 3319 716 3378 ταῦτα
728 3310 862 3395 γράφω·
906 3306 1022 3377 καλοί-

62 3439 118 3498 μαι
129 3416 264 3484 καδνῦν
276 3418 322 3483 ἔτι
332 3413 618 3499 ἐπανορθωθῆναι
629 3406 673 3478 άν
689 3409 730 3478 τά
747 3408 921 3493 πράγματα
938 3403 1020 3471 τοά-
