2340 3894
307 210 434 275 πνοι
462 214 812 279 ΑΛοιιΝιτεον.
985 173 1060 281 εν

68 377 131 450 δας
145 371 227 451 τούς
244 370 326 459 παρ’
346 374 467 440 ἑαυτοῦ
486 379 531 452 είς
541 372 657 442 Θάσον
672 381 878 462 κεκομικέναι
895 379 948 446 διὰ
960 387 1029 447 τῶν

67 467 242 558 ὑμετέρων
258 479 469 558 στρατηγῶν,
491 471 574 540 άλλά
591 477 646 540 καί
662 471 722 546 τάς
733 473 833 553 άλλας
843 476 966 562 νήσους
977 482 1029 547 οἰ-

68 571 295 658 κειώσασθαι,
310 573 515 658 συμπέμπων
525 569 605 650 τούς
616 581 931 659 συμπλευσομένους
946 575 1027 659 μετὰ

68 677 139 736 τῶν
149 677 425 757 στρατηγῶντῶν
441 666 612 757 ὑμετέρων
630 668 674 749 ὡς
690 672 956 759 κοινωνήσοντας
971 680 1029 759 τῆς

32 765 155 835 ιδκατά
166 768 341 851 δάλαηταν
354 774 515 854 φυλακῆς.
549 776 654 837 καίτοι
665 767 709 837 οὔ
725 776 810 853 φασί
823 795 909 848 τινες
923 767 1028 838 αὐτὸν

68 860 293 948 προσδεῖσθαι
302 874 361 952 τῆς
371 866 546 952 θαλάττης.
577 864 596 936 ὁ
612 866 642 934 δ’
656 866 756 936 οὐδὲν
768 868 925 955 δεόμενος
935 868 1028 959 τριη-

69 990 140 1047 ρεις
147 963 440 1049 κατασκευάζεται,
451 968 508 1033 καί
517 972 719 1046 νεωσοίκους
729 971 960 1053 οἰκοδομεῖται,
972 967 1028 1035 κάλ

68 1061 279 1182 άπρστόλους
290 1061 505 1132 ἀποστέλλειν
515 1064 670 1149 βούλεται
681 1067 737 1134 καί
747 1066 896 1143 δαπάνας
913 1063 955 1133 οά
972 1090 1028 1150 μι·
1122 1144 1124 1151 s

68 1161 152 1247 κρὰς
167 1165 329 1229 δαπανᾶν
340 1167 386 1241 εἰς
398 1161 476 1240 τοὺς
490 1190 574 1231 κατα
564 1163 757 1232 θάλατταν
767 1156 1007 1249 κινδύνους,
978 1191 1028 1232 ων

68 1257 172 1327 οὐδὲν
181 1269 335 1348 προτιμᾷ.

33 1372 61 1428 17
156 1356 260 1425 Ταῦτ’
274 1384 337 1425 ουν
348 1356 492 1427 οίεσθ
470 1386 529 1446 αν,
547 1352 718 1445 ωανδρες
715 1367 940 1445 Αθηναιοι,
940 1366 1027 1427 ί-λιπ

68 1453 378 1579 πονάξιώσαιυμηλς
389 1465 599 1544 συγχωρῆσαι
618 1457 724 1548 αυτῷ,
746 1465 778 1525 εἰ
791 1455 835 1543 μη
852 1482 1025 1542 υμωνν
965 1457 1025 1542 μὲν

68 1554 285 1642 κατεφρόνει,
296 1554 366 1634 ὀδς
386 1555 419 1622 δ’
437 1555 560 1624 ἐνθάδε
577 1556 760 1644 προῄρηται
778 1562 897 1639 φίλους
907 1580 1025 1640 κεκτη-

69 1664 165 1736 σθαι,
188 1656 319 1734 τούτοις
340 1659 561 1736 διεπίστευεν;
590 1663 624 1723 οἳ
644 1652 706 1722 οὐκ
729 1653 942 1739 αἰσχύνονται
965 1659 1027 1719 Φι-

66 1761 180 1842 λίππη)
195 1759 314 1834 ζῶντες
330 1756 386 1822 καί
400 1753 443 1821 οὐ
459 1763 500 1842 τῇ
517 1751 629 1821 αὑτοῖν
641 1756 789 1838 πατρίδι,
811 1752 866 1819 καὶ
876 1748 935 1828 τάς
945 1748 1025 1834 παρ’

69 1855 200 1920 ἐκείνου
221 1853 348 1938 δωρεάς
368 1852 593 1938 λαμβάνοντες
614 1863 741 1920 οίονται
762 1855 874 1919 οίκαδε
897 1847 1026 1936 λαμβά-

68 1974 156 2036 νειν,
173 1951 214 2019 τὰ
226 1961 312 2018 οίκοι
322 1959 518 2070 πωλοῦητες

38 2063 64 2117 18
151 2051 237 2137 Περὶ
255 2051 292 2118 δὲ
308 2056 366 2136 τῆς
384 2049 531 2138 εἰρήνης,
552 2077 596 2136 ην
608 2048 799 2118 ἔδοσαν
738 2075 785 2135 ημ
787 2061 847 2115 λνο
850 2050 1062 2166 ἰπρέσβειςὸλ

70 2149 103 2214 οἰ
120 2143 201 2233 παρ’
224 2150 354 2216 ἐκείνου
380 2154 590 2234 πεμφθέντες
617 2147 939 2233 ἐπανορθώσασθαι,
973 2169 1024 2210 οτι

39 2244 447 2333 '‘'inqvmpoeffmooipwm
429 2273 447 2314 ο
465 2244 554 2370 παρά
572 2255 673 2312 πᾶσιν
689 2243 881 2329 ἀνθρώποις
902 2239 1024 2361 ὁμολο-

67 2356 172 2426 γεῖται
183 2345 313 2410 δίκαιον
323 2342 457 2429 εἷναι,”
440 2347 613 2429 εκοιτέρους
624 2348 708 2428 ἔχειν
718 2367 759 2408 τοι
748 2337 940 2424 ἑαυτῶν,’
920 2363 1024 2422 αμφι-

69 2447 182 2527 σβητελ
191 2437 237 2526 μὴ
250 2444 429 2509 δεδωκέναι
440 2443 521 2527 μηδὲ
532 2439 612 2519 τούς
623 2442 774 2526 πρέσβεις
783 2433 875 2504 ταῦτ’
897 2437 1024 2519 εἰρηκέ-

68 2564 122 2605 ναι
132 2536 218 2624 πρός
228 2535 331 2625 ὑμεῖς,
349 2539 450 2608 οὐδὲν
461 2539 536 2608 ἄλλ’
546 2535 569 2627 ἢ
581 2542 795 2624 πεπεισμένος
806 2531 871 2603 ὑπὸ
883 2533 1022 2617 τούτων,

69 2634 252 2723 οἰςιχρῆται
267 2645 392 2724 φίλοις,
416 2635 460 2716 ὡς
476 2636 570 2723 ὑμεῖς
586 2637 628 2706 οὐ
644 2633 867 2723 μνημονεύετε
878 2630 918 2700 τά
929 2635 966 2700 έν
976 2637 1022 2722 τῷ

38 2751 64 2807 19
70 2736 163 2825 δήμῳ
175 2738 341 2822 εἰρημένα.
370 2735 476 2821 μόνον
487 2737 522 2804 δὲ
532 2746 629 2803 τοῦτο
641 2734 703 2821 οὐχ
714 2728 786 2801 οἷόν
797 2757 832 2799 τε
842 2727 921 2817 ὑμῖν
933 2733 1022 2799 ἐστιν
1108 2741 1115 2746 ’

68 2831 319 2920 ἀμνημονῆσαι·
342 2837 380 2902 έν
393 2833 458 2918 γάρ
475 2842 516 2922 τῇ
537 2834 622 2922 αὐτῇ
644 2837 798 2920 ἐκκλησίᾳ
819 2832 875 2899 καὶ
894 2831 929 2897 οί
941 2833 1023 2914 πρέ·-

67 2940 157 3019 σβεις
174 2937 210 2999 οί
218 2957 286 3017 παρ
289 2931 385 3000 ’ίέκε
371 2941 449 3000 ίνου
465 2932 603 3054 η’κοητες
618 2928 698 3017 ὑμίν
716 2932 901 3013 διελέγοντο
918 2924 1018 2996 καί
982 2952 1020 2995 το

66 3030 223 3116 φηφισμα
238 3029 429 3117 ἐγράφη,
409 3028 486 3097 ὥστ’
507 3028 568 3116 οὐχ
585 3025 659 3097 οἷόν
679 3031 716 3096 τέ
736 3031 803 3096 ἐστι
823 3033 1021 3114 παραχρῆμα

65 3134 132 3194 τῶν
147 3124 275 3211 λόγων
277 3151 293 3193 ε
293 3130 460 3213 ἰρημέναν
470 3130 524 3196 καί
536 3125 642 3207 εὐθυς
651 3133 713 3194 τοῦ
722 3132 931 3212 ψηφίσματος
941 3128 1022 3192 ἐπα-

66 3231 384 3317 καγιγνωσκομένου
404 3252 466 3311 την
485 3228 777 3311 καταψευδομένην
796 3223 934 3309 γνώμην
953 3227 1021 3286 τῶν

67 3327 251 3410 πρέσβεων,
262 3324 387 3410 ταύτην
398 3322 485 3410 ὑμᾶς
494 3331 734 3410 χειροτονῆσαι·
757 3320 840 3390 ὥστε
850 3325 948 3387 τοῦτο
960 3314 1022 3401 μὲν

67 3417 109 3486 οὔ
121 3417 199 3488 κατ’
211 3424 312 3506 ἐμοῦ,
334 3419 510 3490 άλλάιιαδ’
530 3422 850 3510 ὑμάνίπέσταλκεν,
873 3410 1022 3500 ὦςὺμείς
