2340 3894
307 180 453 245 MTA
474 128 743 249 &1111111101‘
777 186 814 251 Γ.
998 189 1042 253 99

80 366 213 412 ποντον
235 341 333 429 ῦμύυ
361 340 646 429 ἀλλοτριωθῆναι,
660 351 706 433 τῷ
718 348 889 435 Μεχάρων
909 352 965 418 καὶ
984 359 1042 438 τῆς

80 437 232 528 Εὐβοίας
248 439 310 510 τὸν
323 438 535 528 πολεμοῦνθ’
553 439 633 527 ύμίν
655 445 814 526 γενέσθαι
835 446 972 535 κύριον,
994 457 1043 538 τῷ

80 547 378 628 Πελοποννησίους
394 539 550 625 τάκείνου
565 548 740 626 φρονῆσαι.
776 541 845 611 εἶτα
867 543 928 612 τὸν
943 554 1042 615 τοῦτο

80 635 120 706 τῦ
137 637 316 726 μηχάνημα
334 641 386 707 ἐπὶ
401 637 465 724 τήν
482 638 581 706 πόλιν
598 638 751 726 ίστάντα,
773 651 895 711 τοῦτον
906 644 1044 730 είρήνην

38 735 178 823 19ἀχειν
189 735 256 822 ἐγώ
267 728 323 823 φῦ
334 733 418 819 πρὸς
428 735 531 824 ὑμῦςς
552 745 681 806 πολλοῦ
691 742 794 824 γεκαὶ
805 743 886 829 δέω,
904 739 972 810 ἀλλ’
985 739 1041 829 ἀφ’

79 829 121 924 ἧς
129 834 256 924 ἡμέρας
266 833 376 904 ἀνελλε
389 839 535 920 Φωκέας,
546 834 613 904 ἀπὸ
624 837 746 924 ταύτης
758 837 850 924 ἔγωγ’
864 837 969 909 αὐτὸν
979 865 1043 909 πο-

80 946 195 1022 λεμεῖν
206 931 367 1021 ὁρίζομαι.
390 933 480 1022 ὑμᾶς
490 937 537 1018 δὲ,
551 934 611 1003 ἐάν
621 935 683 1022 μὲν
693 935 872 1025 ἀμύνησθε
887 937 963 1026 ήδη,
975 959 1043 1008 σω-

80 1034 270 1121 φρονήσειν
279 1037 380 1120 φημὶ,
399 1031 460 1102 ἐάν
471 1033 503 1102 δ’
518 1035 649 1122 ἐάσητε,
668 1033 747 1104 οῦῦὲ
757 1035 851 1106 τοῦθ’
866 1035 948 1107 ὅταν
958 1039 1043 1127 βού-

80 1142 191 1220 λησθε
205 1133 396 1220 δυνήσεσθε
405 1141 548 1220 ποιήσαι.
577 1135 633 1202 καὶ
648 1137 812 1203 τοσοῦτόν
820 1163 859 1222 γε
871 1135 1042 1224 ἀφέστηκα
1070 1188 1073 1193 -

35 1247 71 1303 λυ
78 1241 151 1301 τών
162 1225 453 1318 ἀλλων,ώάνῦρες
460 1231 642 1320 Ἀθηναῖοι,
650 1237 718 1298 τών
736 1243 1042 1320 συμβουλευόντων

81 1330 164 1400 ὥστ’
181 1328 263 1400 οὐδὲ
274 1335 368 1401 δοκεῖ
375 1358 431 1419 μοι
442 1335 517 1417 περὶ
529 1332 746 1417 Χερρονήσου
757 1340 822 1400 νῦν
832 1349 968 1429 σκοπεῖν
979 1332 1040 1402 οῦ-

79 1432 119 1500 δὲ
127 1436 324 1514 Βυζαντίου,
337 1427 404 1499 ἀλλ’
416 1433 583 1515 ἐπαμῦναι
594 1430 655 1513 μὲν
665 1431 806 1516 τούτοις,
819 1433 874 1500 καὶ
885 1437 1042 1518 διατηρή-

78 1550 138 1599 σαε
148 1528 196 1616 μή
207 1555 239 1596 τι
250 1528 397 1615 πάθωσι,
415 1530 548 1607 καὶτοῖς
564 1521 662 1596 οὖσιν
672 1531 743 1598 ἐκεῖ
751 1537 817 1597 νῦν
828 1530 1041 1615 στρατιώταις

78 1629 184 1697 πάνθ’
198 1626 290 1696 ὅσων
300 1624 344 1695 ἀν
356 1631 495 1699 δέωνται
504 1625 705 1712 ἀποστεῖλαι,
724 1629 949 1718 βουλεύεσθαι
959 1632 1046 1715 μέν*

78 1753 133 1796 τοι
151 1730 226 1812 περὶ
241 1726 377 1796 πάντων
394 1736 463 1795 τών
478 1726 647 1814 Ἑλλήνων
664 1726 708 1808 ὡς
725 1733 762 1798 ἐν
779 1731 925 1820 κινδύνῳ
937 1728 1102 1815 μενά-116

80 1835 131 1917 λμ
151 1826 392 1903 καθεστώτων,
428 1826 591 1913 βούλομαι
618 1825 649 1896 θ’
673 1835 777 1897 εἰπεῖν
798 1827 883 1916 πρὸς
903 1827 990 1916 ὑμᾶς
1010 1833 1041 1910 ἐξ

81 1918 134 1994 ών
150 1922 237 2008 ὑπὲρ
249 1932 318 2020 τοῖν
334 1926 536 2012 πραγμάτων
547 1926 636 1995 οὕτω
647 1934 834 2014 φοβοῦμαι,
846 1925 898 2012 ἵν’,
911 1928 970 1996 ἐάν
981 1927 1042 2013 μὲν

80 2024 198 2110 ὀρθῶς
215 2030 407 2112 λογίζωμαι,
421 2027 599 2113 μετάσχητε
615 2035 682 2095 τών
699 2034 868 2114 λογισμῶν
885 2031 940 2096 καὶ
957 2027 1042 2111 πρό·
1105 2076 1111 2087 ·

81 2124 183 2193 υοιάν
193 2121 256 2191 τιν’
287 2122 385 2210 ύμών
410 2122 443 2210 μ’
473 2123 603 2211 αύτών,
637 2133 668 2194 εί
694 2129 737 2212 μή
764 2130 908 2196 καὶτῶν
930 2126 1041 2195 ἀλλων
1127 2129 1133 2133 ’

80 2222 149 2307 ἀρα
171 2223 353 2310 βούλεσθε,
375 2223 577 2311 ποιήσησθε,
600 2225 658 2291 ἐὰν
678 2225 714 2293 δὲ
733 2235 846 2312 ληρεῖν
870 2229 925 2295 καὶ
945 2251 1042 2293 τετυ-

82 2325 335 2409 φῦσθαιῦοκώ,
357 2324 440 2409 μήτε
450 2330 517 2390 νῦν
528 2319 600 2407 μήτ’
621 2315 722 2400 αὖθις
734 2320 778 2401 ὡς
788 2321 978 2407 ὑγιαίνοντί
986 2347 1043 2405 μοι

82 2421 274 2508 προσέχητε.

41 2535 73 2587 21
161 2517 234 2587 Ὅτι
245 2522 306 2603 μεν
317 2516 357 2605 ῦή
368 2522 470 2606 μέγας
486 2520 522 2587 ἐκ
539 2523 662 2604 μικροῦ
678 2518 732 2583 καὶ
750 2522 907 2583 ταπεινοῦ
922 2511 1041 2583 τὸκατ’

82 2616 189 2707 ἀρχὰς
199 2625 365 2698 Φίλιππος
380 2615 528 2705 ηύξηται,
548 2619 603 2684 καὶ
621 2613 765 2692 ἀπίστως
782 2615 837 2682 καὶ
854 2633 1043 2682 στασιαστι-

83 2728 151 2800 κοῖς
167 2725 282 2806 ἔχουσι
303 2716 388 2805 πρὸς
408 2715 532 2795 αὐτούς
553 2720 588 2783 oi
600 2715 765 2801 Ἕλληνες,
788 2716 843 2781 καὶ
859 2711 912 2780 ὅτι
929 2721 1042 2803 πολλῷ

82 2818 354 2906 παραδοξότερον
362 2809 407 2902 ήν
417 2824 578 2883 τοσοῦτον
586 2811 691 2881 αὐτὸν
700 2815 733 2892 ἐξ
744 2814 873 2880 ἐκείνου
883 2816 1043 2898 γενέσθαι

82 2913 203 3005 ήνῦν,
225 2913 284 2982 ὅθ’
299 2914 388 2983 οὕτω
404 2913 510 2981 πολλὰ
527 2921 723 2999 προείληφε,
744 2914 799 2979 καλ
815 2911 854 2979 τά
873 2911 972 2981 λοιπά
984 2907 1041 2998 ὑφ’

83 3013 177 3104 αύτῷ
188 3013 404 3099 ποιήσασθαι,
413 3011 575 3081 καὶπάνθ’
583 3011 647 3080 ὅσα
658 3007 777 3079 τοιαῦτ’
787 3006 830 3078 ἀν
841 3015 944 3097 ἔχοιμι
956 3017 1043 3092 διεξ-

44 3108 216 3199 λλελθείν,
235 3118 438 3195 παραλείψω.
463 3109 530 3181 ἀλλ’
544 3109 615 3195 ὁρώ
626 3111 919 3198 συγκεχωρηκότας
931 3111 1042 3178 ἀπαν-

82 3239 141 3294 τας
151 3209 369 3298 ἀνθρώπους,
383 3209 436 3298 ἀφ’
450 3206 547 3298 ῦμών
557 3209 770 3296 ἀρξαμένους,
783 3208 889 3301 αὐτῷ,
902 3207 987 3292 ὑπὲρ
999 3199 1043 3274 ού

81 3313 144 3381 τὸν
154 3313 262 3381 ἀλλον
273 3311 404 3380 ἅπαντα
413 3313 536 3398 χρόνον
548 3308 667 3388 πάντες
674 3314 709 3378 οί
717 3310 853 3396 πόλεμοι
863 3306 1042 3394 γεγόνασιν

83 3415 117 3480 οί
130 3409 327 3497 Ἑλληνικοί.
348 3416 383 3478 τί
392 3403 457 3478 ούν
469 3413 537 3479 ἐστι
546 3402 663 3488 τοῦτο;
679 3406 716 3476 τὸ
730 3420 836 3475 ποιεῖν
846 3405 867 3473 ὅ
877 3431 909 3473 τι
917 3404 1041 3493 βούλε-
1086 3444 1090 3450 -

849 3493 978 3558 7*·
