2340 3894
340 184 483 255 RATA
505 194 771 259 ΦΙΛΙΠΠΟΤ
789 200 829 258 Α.
1017 198 1059 260 39

105 347 278 438 βούλεται·
312 356 364 420 δεῖ
381 351 446 437 γάρ
473 357 588 440 ἐκείνῳ
616 361 715 422 τοῦτο
738 359 774 421 ἐν
794 365 833 443 τῇ
855 359 971 445 γνώμη
994 383 1060 425 πα·

106 456 277 534 ραστῆναι,
290 445 335 527 ὥς
344 446 438 534 ὑμεῖς
449 453 484 517 ἐκ
501 460 559 536 τῆς
575 448 727 536 άμελείας
742 454 865 540 ταύτης
879 464 937 541 τῆς
959 456 1055 541 ἄγαν,

106 545 276 631 ὥσπερελς
286 547 437 632 Εὔβοιαν
451 549 507 615 καὶ
523 548 688 633 πρότερόν
705 553 788 618 ποτέ
796 572 901 636 φασιν
911 558 957 630 είς
970 550 1057 620 Ἁλί-

105 669 207 729 αρτυν
217 647 274 712 καλ
283 643 324 711 τά
335 653 503 712 τελευταῖα
515 645 632 731 πράην
648 653 695 725 είς
704 649 836 732 Πύλας,
853 659 931 727 ἴσως
943 646 986 717 άν
997 647 1056 733 ὁρ-

72 766 98 819 13
105 744 252 828 μήσαιτε.
281 742 376 810 ούτοι
386 751 556 822 παντελῶς
566 742 641 811 οὐδ’
654 749 684 812 εί
692 743 736 830 μή
747 744 906 832 ποιήσαιτ’
921 741 965 814 άν
975 755 1098 815 τοῦ-46

100 866 147 925 τυ,
161 839 207 918 ὥς
225 842 331 924 ἔγωγέ
347 867 432 927 φημι
450 846 529 925 δεῖν,
549 839 845 928 εὐκαταφρόνητόν
860 847 960 928 ἐστιν,
981 840 1056 928 ἴύή

105 937 159 1006 διὰ
176 937 239 1005 τὸν
257 938 368 1023 φόβον
386 936 481 1016 είδάς
499 937 665 1024 εὐτρεπεῖς
681 938 769 1025 ὑμᾶς
788 982 826 993 -
849 951 970 1009 είσεται
991 940 1055 1027 γάρ

103 1034 266 1122 ἀκριβεῖς·
285 1036 347 1103 είσλ
356 1034 431 1120 γὰρ,
444 1039 528 1102 είσλν
538 1041 572 1104 οί
580 1034 672 1104 πάντ’
686 1042 931 1123 ἐξαγγέλλοντες
941 1043 1055 1129 ἐκείνφ

104 1132 176 1218 παρ’
191 1131 289 1220 ήμῶν
301 1130 414 1199 αὐτῶν
424 1139 558 1211 πλείους
566 1143 627 1200 τοῦ
637 1139 769 1213 δέοντος
780 1174 818 1186 -··
836 1133 976 1220 ἡσυχίαν
986 1143 1053 1225 ἔχη,

102 1229 295 1317 ήπαριδύν
311 1241 415 1298 ταῦτα
431 1231 622 1317 ἀφύλακτος
643 1241 776 1320 ληφθῇ,
797 1235 939 1319 μηδενὸς
959 1235 1055 1314 ὄντος

106 1328 261 1416 ἐμποδών
272 1338 366 1396 πλεῖν
377 1332 430 1397 ἐπὶ
444 1330 506 1414 τήν
523 1333 652 1398 ἐκείνου
668 1331 779 1414 χώραν
796 1330 893 1415 ὑμῖν,
912 1329 955 1400 άν
970 1338 1055 1420 ἐνδφ

74 1427 234 1512 Ιῖκαιρύν.
268 1436 371 1494 ταῦτα
388 1432 449 1513 μέν
466 1433 555 1496 ἐστιν
571 1426 593 1494 ά
610 1435 692 1495 πᾶσι
708 1431 867 1514 δεδόχθαι
884 1433 968 1515 φημὶ
987 1435 1055 1496 δεῖν

63 1564 67 1572 ·
106 1529 161 1594 καὶ
171 1525 446 1609 παρεσκευάσθαι
456 1525 637 1610 προσήκειν
648 1524 753 1612 οἶμαι·
776 1525 839 1613 πρὸ
875 1527 911 1595 δὲ
927 1527 1055 1595 τούτων

106 1623 251 1708 δύναμίν
262 1649 352 1705 τινα,
373 1616 400 1690 ά
417 1622 536 1706 άνδρες
543 1622 731 1711 Ἀθηναῖοι,
750 1628 1056 1711 φημλπρυχειρίσα-

105 1732 185 1790 σθαι
196 1725 268 1787 δεῖν
279 1717 380 1804 ὑμᾶς,
399 1717 579 1806 ήσυνεχοίς
595 1723 772 1809 πολεμήσει
788 1726 842 1791 καὶ
853 1732 963 1802 κακῶς
973 1727 1056 1791 ἐκεῖ

103 1846 166 1888 νον
177 1819 319 1903 πονήσει.
348 1818 392 1903 μή
403 1845 460 1904 μοι
479 1828 619 1904 μυρίους
630 1822 713 1907 μηδὲ
725 1825 917 1907 δισμυρίους
929 1825 1052 1904 ξένους,

105 1918 184 2004 μηδὲ
202 1914 263 1994 τάς
279 1919 541 2001 ἐπιστολιμαίους
558 1918 679 1997 ταύτας
690 1919 862 2005 δυνάμεις,
885 1916 953 1987 άλλ’
964 1916 987 2005 ή
997 1927 1054 2005 τῆς

105 2017 230 2095 πόλεως
241 2023 342 2100 ἔσται,
353 2011 417 2083 κάν
428 2014 521 2101 ὑμεῖς
530 2017 589 2083 ἕνα
600 2017 665 2112 κάν
675 2025 807 2096 πλειόυς
818 2014 882 2086 κάν
892 2016 952 2085 τὸν
963 2021 1054 2085 δεῖνα

105 2110 167 2182 κάν
179 2113 338 2183 ὁντινοῦν
348 2115 597 2200 χειροτονήσητε
614 2115 809 2201 στρατηγὸν,
824 2115 931 2204 τούτῳ
944 2122 1055 2183 πείσε-

103 2238 157 2280 ται
171 2214 229 2279 καὶ
243 2209 475 2296 ἀκολουθήσει.
510 2213 565 2279 καί
581 2212 711 2296 τροφήν
727 2215 831 2300 ταύτη
847 2221 982 2294 πορίσαι
999 2239 1054 2280 κε-

56 2294 62 2319 ’
73 2311 202 2378 medua.
226 2316 317 2377 ἔσται
327 2307 357 2376 δ’
368 2309 451 2395 αὕτη
463 2316 511 2387 τίς
522 2307 542 2395 ή
555 2311 694 2393 δύναμις
705 2313 760 2376 καί
770 2311 868 2395 πόση,
880 2312 936 2377 καί
947 2308 1056 2375 πόθεν

106 2407 166 2495 τήν
176 2405 308 2493 τροφήν
324 2409 402 2487 ἕξει,
424 2409 480 2474 καί
497 2414 568 2483 πῶς
584 2403 671 2472 ταῦτ’
684 2406 835 2490 ἐθελήσει
844 2419 968 2483 ποιεῖνς
992 2405 1053 2488 ἐγώ

105 2506 241 2593 φράσοι,
258 2505 336 2573 καθ’
354 2508 494 2573 ἕκαστον
510 2504 638 2572 τούτων
657 2499 786 2582 διεξιών
802 2508 909 2587 χωρίς.
941 2502 1054 2580 ξένους

104 2605 162 2690 μὲν
179 2607 267 2689 λέγω
286 2643 325 2655 -
346 2605 402 2670 καὶ
418 2601 508 2680 ὅπως
526 2601 571 2689 μή
590 2602 742 2687 ποιήσετε
759 2597 779 2667 δ
794 2599 951 2678 πολλάκις
968 2597 1055 2685 ὑμᾶς

104 2707 267 2789 ἔβλαψεν,
284 2699 377 2770 πάντ’
397 2702 518 2769 ἐλάττω
534 2707 722 2786 νομίζοντες
737 2697 823 2765 εἶναι
838 2705 899 2764 τοῦ
911 2700 1053 2777 δέοντος,

103 2792 208 2869 καὶτὰ
219 2798 339 2886 μέγιστ’
351 2802 467 2877 ἐντοῖς
485 2806 693 2885 ψηφίσμασιν
710 2796 919 2883 αἱρούμενοι,
937 2797 991 2863 ἐπί
1006 2804 1054 2883 τῷ

105 2901 259 2983 πράττειν
270 2898 349 2967 οὐδὲ
359 2897 398 2966 τά
409 2896 510 2982 μικρά
529 2913 667 2965 ποιεῖτε·
684 2893 768 2963 άλλά
784 2892 824 2961 τά
842 2891 942 2979 μικρά
960 2894 1055 2979 ποιή-

106 3017 221 3076 σαντες
231 2999 289 3064 καδ
303 3007 498 3078 πορίσαντες
514 2996 642 3073 τούτοις
657 3000 869 3083 προστίθετε,
878 2988 921 3060 άν
933 2992 1054 3060 ἐλάττω

75 3112 100 3168 λι
108 3103 273 3183 φαίνηται.
294 3098 379 3179 λέγω
390 3093 430 3180 δή
441 3092 520 3174 τοὺς
530 3090 858 3176 πάνταςστρατιάτας
868 3095 1053 3177 δισχιλίους,
1071 3128 1142 3145 --·

108 3194 234 3263 τούτων
251 3193 288 3263 δὲ
307 3193 504 3277 Ἀθηναίους
520 3195 604 3280 φημὶ
623 3196 694 3259 δεῖν
711 3189 794 3257 ελναι
806 3196 1053 3269 πεντακοσίους,

108 3285 438 3379 ἐξήςάντινοςὺμῖν,
451 3290 580 3378 ἡλικίας
597 3296 704 3366 καλῶς
719 3293 804 3373 ἔχειν
822 3291 914 3372 δοκῇ,
932 3283 1054 3367 χρόνον

109 3389 227 3461 τακτὸν
236 3394 527 3475 στρατευομένους,
540 3389 583 3476 μή
595 3385 725 3475 μακρὸν
736 3392 867 3464 τούτου,
887 3379 955 3448 ἀλλ’
972 3377 1055 3447 ὅσον
