2340 3894
125 167 192 249 ’τοι
343 183 416 241 τοι.
450 169 870 241 mmmmm

124 340 267 425 “όι’νδρες
273 337 455 427 Ἀθηναῖοι,
461 346 533 418 τοῖς
541 304 584 404 ἰὶν
592 335 710 423 ἄριστα
719 339 936 426 ἐναντιωθείη
944 343 987 424 τῇ
997 338 1082 424 εἰρή-

122 439 200 529 “νη,
208 438 271 510 οῦκ
281 436 326 509 ἂν
335 436 440 508 αὐτόν
449 436 588 524 ἄμεινον
598 433 710 522 εῦρείν
721 432 842 523 οἰμαιή
854 444 994 507 τοιαῦτα
1003 437 1084 525 γρό-

41 600 48 610 ,
123 534 262 626 ’φοντα
279 532 1088 623 έγῦδδταύτηνμὲντήνεἰρήνην,έωςοῖνεῖςἈθη-

55 669 57 673 ·
125 636 252 707 ναίων
262 644 421 724 λείπηται,
431 629 616 705 ουδέποτ
594 659 639 702 αν
649 634 935 721 συμβουλευσαιμι
946 636 1084 730 ποιήσα-

123 715 1022 856 “σθαιτῇπόλει,εἰρήνηνμέντοιφημλδείνποιείσθαιέ
1032 736 1083 802 καὶ

87 855 121 909 ιε
129 860 302 914 τοιουτους
310 860 403 913 τινας
414 833 485 902 εἰπε
495 839 627 919 βραχεις
635 833 692 898 καὶ
701 837 855 916 μετριονς
863 832 999 918 λογους
1021 829 1083 902 όδὲ

129 941 212 1003 ταῦτ
217 931 355 1000 ἐἰπεὶν
377 938 419 1019 πή
439 933 586 1019 προτέρᾳ
608 929 745 997 πάντων
762 926 962 996 ἀκουόντων
983 921 1085 1010 ῦμων,

125 1038 177 1110 ἐἰς
195 1030 257 1116 τήν
279 1028 443 1117 ὑστέραν,
465 1032 504 1096 έν
520 1022 543 1118 ή
560 1027 624 1116 τήν
642 1029 780 1114 εἰρήνην
797 1030 865 1093 ἔδει
882 1029 1086 1110 κυροῦσθαι,

129 1129 213 1210 ἐμοῦ
228 1131 276 1213 τῷ
292 1130 360 1191 τῶν
378 1120 561 1208 συμμάχων
582 1126 850 1205 συνηγοροῦντος
872 1119 1015 1204 δόγματι
1032 1121 1083 1187 καὶ

128 1223 191 1309 τήν
203 1222 349 1308 εἰρήνην,
362 1220 454 1300 ὅπως
464 1230 518 1306 ἰση
529 1220 584 1287 καὶ
594 1223 705 1286 δικαία
716 1221 860 1303 γένηται,
871 1218 1082 1302 ταράττοντος,

129 1323 186 1390 καὶ
197 1317 294 1406 ὑμῶν
304 1322 522 1408 βουλομένων
532 1325 636 1385 ταῦτα
647 1315 792 1385 nal-066}
808 1312 931 1402 φωνήν
948 1316 1084 1387 ἐθελόν-
1117 1406 1119 1411 ¹

128 1446 197 1489 των
208 1415 345 1487 ἀκούειν
355 1427 417 1487 τοῦ
433 1414 665 1487 καταπτύστου
676 1413 921 1496 Φιλοκράτους,
943 1412 1084 1493 ἀναστὰς

130 1519 328 1605 ἐδημηγόρει
343 1519 399 1586 καὶ
416 1515 595 1603 συνηγόρει
613 1517 729 1602 ἐκείνῳ
749 1519 884 1579 πολλῶν
904 1510 1039 1599 ἀξίους,
1060 1504 1084 1581 6

90 1629 123 1684 16
130 1624 199 1685 Ζεῦ
215 1620 271 1693 καί
286 1616 408 1694 πάντες
421 1616 514 1700 θεοί,
534 1611 696 1682 θανάτων
713 1611 850 1697 λόγους,
874 1606 920 1690 οἱς
931 1609 1013 1680 οῦτε
1023 1619 1085 1681 τόν

130 1714 309 1800 προγόνων
324 1711 412 1800 ῦμοῖς
428 1719 619 1800 μεμυῆσθαι
637 1708 766 1779 δέοι”
723 1735 799 1779 ουτε
814 1706 935 1777 τῦντά
946 1711 1085 1796 τρόπαια

62 1828 73 1858 “
130 1811 232 1881 καί
195 1839 254 1891 τας
264 1818 447 1907 ναυμαχίας
456 1811 625 1896 λεγοντων
640 1808 833 1894 ἀνέχεσθαι,
856 1807 1086 1895 νόμοντεθή-

86 1923 89 1928 ’
131 1928 203 1979 σειν
220 1913 276 1978 καὶ
292 1912 435 1994 γράψειν
449 1910 565 1995 μηδενί
580 1917 650 1976 τοῖν
654 1905 840 2028 Ελλήνων
837 1901 926 1991 ὑμᾶς
935 1913 1084 1993 βοηθεῖν,

130 2003 168 2085 ὃς
185 2002 229 2073 ἂν
245 2005 290 2092 μή
309 2007 470 2092 πρότερος
487 2004 740 2093 βεβοηθηκός*
721 1997 848 2092 υμϊνή.
878 2006 938 2073 καὶ
954 2003 1056 2075 ταῦθ’
1069 2002 1127 2075 6³⁴⁶

131 2107 274 2188 σχέτλιος
284 2106 339 2193 καὶ
349 2096 536 2190 αναιδης
495 2131 592 2183 ουτος
603 2105 723 2191 έτολμα
733 2108 842 2190 λέγειν
852 2104 1082 2191 έφεοτηιιοτων

47 2223 51 2227 ’
129 2201 668 2298 τῶύπρέσβεωνκαίἀκουόνταν,
690 2202 749 2283 οῦς
763 2201 1082 2290 ἆπότοόνἙλλήνων

130 2303 384 2388 μετεπέμψασθε
394 2300 460 2371 ύπό
472 2303 595 2375 τούτου
614 2306 821 2389 πεισθέντες,
842 2301 891 2372 ὅτ’
906 2303 1010 2372 ούπω
1026 2329 1082 2373 αε-

131 2394 443 2489 πρακοίςαύτόνήν.

88 2525 120 2585 U
206 2493 565 2589 Ὃνμὲνοῦντρόπον,
588 2495 951 2588 ύόνδρεςἏθηναῑοι,
975 2526 1083 2588 χειρο-

129 2599 345 2682 τονησάντων
361 2600 458 2685 ῦμῦν
475 2603 529 2668 έπί
544 2597 624 2680 τοῦς
641 2599 764 2686 ὅρκους
774 2596 880 2667 αὐτόν
890 2599 996 2672 πόλιν
1006 2598 1083 2677 τούς

129 2719 164 2761 τε
181 2695 324 2780 χρόνους
339 2702 511 2780 κατέτριψε
528 2700 584 2766 καὶ
598 2699 639 2766 τὰ
655 2699 832 2784 πράγματα
842 2695 1083 2816 πόντίέλυμή·

130 2817 210 2861 νατο
225 2791 265 2859 τό
284 2819 346 2878 της
357 2795 500 2879 πόλεως,
522 2795 671 2865 καλέσαι
687 2798 763 2882 περὶ
777 2796 907 2865 τούτων
917 2798 992 2881 ἐμοὶ
1003 2796 1082 2881 πρὸς

129 2895 251 2957 τοῦτον
261 2885 432 2975 απεχθειαι
443 2897 632 2980 συνέβησαν
642 2902 835 2985 βουλομένω
847 2895 1010 2981 κωλύειν,
1023 2892 1083 2962 αύ-

129 2991 204 3054 τίκα
225 2984 426 3061 ἀκούσεσθε.
469 2990 543 3061 ἀλλ’
565 2995 677 3081 ἐπειδὴ
700 2993 843 3063 πύλιν“
819 3021 947 3080 ηκομεν
968 2946 1010 3064 ἐν,
1028 2999 1082 3078 τῆς

129 3090 303 3172 πρεσβείαις
313 3088 435 3175 ταύτης
446 3096 504 3177 τῆς
514 3094 565 3159 έπί
576 3090 655 3172 τοῦς
673 3091 810 3179 ὅρκους,
828 3083 936 3180 ἧσπερ
953 3094 1040 3161 εἰσὶν
1050 3091 1084 3157 αἰ

128 3192 195 3253 νῦν
211 3182 372 3273 εὔθυναι,
395 3186 473 3258 οῦτε
489 3189 610 3276 μικρὸν
626 3188 704 3259 οῦτε
715 3193 798 3276 μέγα
809 3186 914 3259 οὐδ”
896 3199 1016 3261 οτιοῦν
1027 3188 1083 3260 εύ-

64 3332 69 3341 ·
129 3287 266 3370 ρημένοι
281 3290 350 3357 τῶν
366 3284 421 3356 ότε
431 3286 493 3373 τήν
504 3287 641 3374 εἰρήνην
651 3293 817 3359 ἐποιεῖσθε
828 3289 1084 3373 λεχθέντωνιιιδ

127 3386 447 3471 προσδοκηθέντων,
458 3381 543 3453 ἄλλα
554 3384 652 3455 πάντ’
666 3388 919 3473 ἐξηπατημένοι,
934 3389 994 3456 καὶ
1003 3378 1083 3455 τοῦ·
