2340 3894
134 205 202 249 oxu
458 180 804 275 mumoannonun.

215 357 291 412 Dixit
317 355 354 411 de
380 356 426 413 his
451 355 623 411 orationibus
652 356 734 408 etiarn
758 352 902 410 Giintonus
928 353 1004 407 Fast.
1028 356 1086 409 vol.
1111 360 1137 412 2.

130 456 161 513 p·
177 441 240 499 856.
257 438 346 508 (438.)
360 455 403 511 sq.
418 441 481 511 jura
495 444 655 508 suspectam
669 434 777 493 habens
792 437 946 491 orationem
961 422 1037 510 ὑπὲρ
1050 427 1137 509 ῥητό-

130 538 203 599 ρων,
218 537 290 592 quae
307 528 456 593 corruptae
471 519 547 591 apud
568 519 684 578 Suidam
706 538 729 575 s.
744 536 773 575 v.
791 507 854 593 ἅμα
871 519 1025 597 scripturae
1042 519 1137 576 deberi

127 604 256 670 videtur,
277 604 325 675 qui
345 607 424 661 sotus
443 619 507 658 eam
529 609 673 658 memorat.
718 602 799 670 Quod
821 620 838 658 a
858 599 1015 674 biographo
1039 601 1137 658 decem

131 695 274 743 oratorum
294 704 324 758 p.
338 691 391 746 847
408 686 439 741 Ε.
456 675 538 760 λόγοι
555 674 770 769 Δημοσθένρυς
790 675 908 760 γνήσιοι
929 675 968 754 ξε’
988 675 1136 760 φέρεσθαι

130 770 261 827 dicuntur
281 776 309 824 et
330 771 359 824 in
380 770 514 825 laterculo
529 767 643 824 scholiis
657 769 824 825 Aeschineis
840 785 870 840 p.
886 773 928 836 44,
945 773 990 826 21.
1005 770 1081 824 illato
1101 771 1138 823 te·

130 843 409 926 ςίῑυτΛημοσθὲνης
421 841 525 927 λόγους
540 841 595 923 oe',
610 853 677 907 nulli
691 853 755 907 usui
767 858 818 922 est,
834 869 918 922 quum
934 867 968 905 ne
983 853 1062 923 prior
1078 853 1136 922 qui·

131 934 196 991 dem
217 952 365 1007 numerus,
388 934 412 991 si
434 934 575 991 orationes
598 936 736 1007 genuinae
751 936 829 990 solae
843 940 1037 1004 numerentur,
1051 950 1136 994 verus

132 1034 197 1075 esse
211 1019 317 1090 possit,
341 1018 445 1073 nedum
459 1018 528 1074 alter
543 1018 590 1072 ille
605 1008 660 1089 ou‘,
682 1017 728 1088 qui
749 1020 867 1074 tortasse
882 1022 1031 1089 corruptus
1048 1023 1093 1072 est
1108 1024 1137 1072 ut

129 1101 179 1157 atii
191 1098 275 1172 hujus
292 1101 421 1157 laterculi
433 1101 550 1158 numeri.
616 1116 619 1120 ·

215 1185 328 1239 Praeter
350 1182 600 1239 orationescditas
614 1183 831 1247 Demosthenem
852 1185 921 1240 alias
942 1200 1000 1240 non
1019 1199 1135 1256 paucae,

130 1266 297 1337 praesertim
312 1269 341 1322 in
356 1267 496 1329 concione
507 1267 614 1338 popuii,
628 1266 779 1335 habuisse,
795 1281 867 1336 quae
888 1267 1030 1340 nunquam
1045 1267 1136 1322 editae

131 1349 219 1420 inisse
233 1348 381 1420 videntur,
399 1366 436 1404 ex
451 1349 577 1422 pluribus
594 1348 730 1405 editarum
745 1349 814 1406 locis
830 1357 954 1421 apparet,
974 1351 1050 1405 velut
1064 1342 1135 1422 quae

130 1433 161 1487 in
175 1432 381 1489 Messeniorum
397 1433 549 1502 concione,
573 1439 620 1488 aut
632 1437 697 1504 post
712 1439 821 1504 captam
836 1433 960 1489 Elateam
981 1433 1091 1490 dixisse
1106 1450 1136 1488 se

131 1523 269 1571 memorat
297 1517 325 1571 in
349 1517 474 1570 oratione
496 1515 652 1587 Philippica
678 1514 805 1572 secunda
823 1519 850 1581 S.
869 1522 913 1574 Do.
936 1531 1014 1588 seqq.
1037 1522 1065 1572 et
1085 1530 1135 1589 pro

131 1613 239 1654 corona
253 1604 279 1665 s.
296 1601 355 1658 174.
372 1613 451 1669 seqq.
478 1595 537 1653 Nec
552 1597 940 1678 quodkcontrahioimachum
956 1600 1135 1655 inconcione

132 1680 239 1737 dixisse
256 1680 472 1737 Demosthenem
487 1695 523 1734 ex
537 1679 710 1736 Anaximene
730 1681 873 1738 annotavit
893 1683 1079 1755 Harpocratio
1100 1682 1136 1739 ad

131 1763 286 1820 orationem
301 1763 405 1819 editam
421 1776 550 1835 spectare
566 1760 685 1818 videtur.

216 1847 295 1914 Quae
314 1846 484 1901 orationibus
504 1845 699 1901 Demosthenis
714 1845 841 1917 adjectae
860 1848 888 1901 in
908 1847 1055 1904 codicibus
1073 1852 1137 1904 sunt

131 1926 273 1999 Epistolae
287 1943 337 1983 sex
352 1945 409 1983 non
424 1928 542 2000 scriptas
555 1931 591 1985 ab
605 1927 793 2001 Demosthene
809 1945 873 1986 esse
889 1930 973 1985 hodie
991 1927 1050 1987 iere
1071 1946 1136 1987 con-

131 2009 252 2066 sentiunt
269 2011 322 2065 viri
338 2009 420 2067 docti.
452 2009 523 2066 Sunt
545 2016 638 2066 tamen
660 2012 830 2082 antiquiores
846 2028 929 2084 quam
944 2014 1015 2070 aliae
1035 2015 1135 2086 episto·

131 2092 176 2147 iae
190 2094 333 2165 plurimae·
344 2093 407 2149 aliis
423 2094 605 2164 scriptoribus
620 2094 761 2151 veteribus
775 2099 946 2168 suppositae.
973 2097 1027 2152 Pro
1040 2098 1135 2169 genui·

131 2175 176 2231 nis
196 2175 353 2233 habuerunt
372 2176 569 2251 Harpocratio‚
592 2173 799 2250 Hermogenes,
820 2180 923 2251 aliique
948 2185 977 2234 et
1008 2179 1134 2236 rhetores

133 2262 160 2313 et
175 2259 349 2331 grammatici
360 2266 388 2315 et
403 2260 475 2344 inter
490 2261 602 2318 Latinos
619 2260 716 2318 Cicero
725 2262 808 2318 Brut.
823 2279 848 2318 c.
863 2266 905 2321 at.
920 2262 995 2319 Orat.
1012 2279 1038 2318 c.
1051 2268 1079 2322 t.
