2340 3894
332 182 476 247 RATA
498 142 834 282 οιπιουοττ,
994 191 1063 265 ,ιιι

97 340 184 422 νοδς
195 347 434 431 &mennam
444 342 616 439 κινδύνοιν
625 347 681 414 καλ
691 356 760 416 τοῖν
771 347 1062 438 άναλωμάτοιν,α”ν

97 467 130 507 τι
140 441 218 529 δέῃ,
240 448 272 511 ac
285 444 322 512 δὲ
332 440 395 530 μή,
411 443 555 529 χρόνους
565 468 604 527 γε
615 446 770 532 ἐμποιῆτε
780 460 849 526 τοῖς
859 449 1061 534 πράγμασιν.

56 539 213 627 ιιέπειδή
229 540 297 625 γάρ
313 544 382 609 ἐστι
397 541 480 627 πρὸς
498 542 605 625 άνδρα
623 541 763 624 καλοόχλ
774 545 985 632 συνεστώσης
995 549 1060 615 πό-

97 647 182 718 λεως
197 637 298 725 ίσγδν
315 638 504 728 ὁπόλεμος,
527 639 606 708 οὐδὲ
623 639 717 708 τοῦτ’
734 640 916 729 άχρήστον,
936 642 1011 711 οὐδ’
1024 650 1061 713 αέ
1076 713 1079 719 ,

98 741 219 822 πέρυσι
241 745 412 825 πρεσβεῖαι
433 744 470 806 αῖ
488 741 562 824 περὶ
577 738 640 826 τήν
654 742 917 829 Πελοπόννησον
936 747 1059 812 ἐκεῖναι

97 839 152 905 καὶ
169 845 384 924 κατηγορίαι,
405 835 444 917 άς
461 839 525 923 έγώ
547 841 603 922 καλ
619 839 832 920 Πολύευκτος
852 839 870 910 ὁ
890 845 1057 927 βέλτιστος

98 938 241 1005 ἐκεινοσὶ
251 934 516 1024 καλἩγήσιππος
526 943 582 1005 καλ
593 940 815 1025 Κλειτόμαχος
832 940 887 1007 καὶ
897 947 1056 1025 Λυκοόρ-

96 1038 222 1121 γοςνιαὶ
236 1040 271 1104 οἱ
279 1034 375 1104 άλλοι
392 1040 544 1124 πρέσβεις
560 1038 801 1125 περιήλθομεν,
823 1043 879 1107 καλ
897 1039 1056 1125 ἐποιήσα-

96 1159 161 1220 μεν
177 1137 323 1221 ἐπισχεῖν
340 1137 469 1204 ἐκεῖνον
486 1138 540 1204 καλ
556 1133 632 1223 μήτ’
651 1134 702 1205 ἐπ’
719 1135 923 1225 Ἀμβρακίαν
943 1142 1055 1207 ἐλθεῖν

57 1251 88 1305 13
95 1230 173 1320 μήτ’
193 1239 240 1320 εἰς
248 1234 511 1320 Πελοπόννησον
527 1231 680 1320 ὁρμήσαι.
710 1234 751 1303 οὐ
767 1240 879 1322 μέντοι
895 1242 979 1322 λέγοι
990 1264 1055 1324 μή·

97 1333 156 1401 δέν
173 1329 298 1411 αὐτοὺς
316 1330 400 1416 ὑπὲρ
422 1331 536 1400 αὐτῶν
553 1331 738 1418 άναγκαῖον
754 1336 931 1413 ἐθέλοντας
948 1352 1054 1421 ποιεῖν

94 1429 176 1509 τοὺς
186 1430 309 1510 ἄλλους
319 1440 539 1516 παρακαλεῖν·
551 1434 606 1500 καλ
616 1430 682 1519 γάρ
693 1432 814 1520 εὔηθες
824 1431 864 1500 τά
877 1439 980 1502 οἰκεῖα
991 1432 1055 1501 αό-
1082 1460 1084 1466 ·

93 1528 175 1611 τοὺς
191 1535 409 1618 προϊεμένους
423 1537 493 1599 τῶν
511 1529 695 1618 ἀλλοτρίων
715 1531 859 1619 φάσκειν
880 1534 1053 1619 κήδεσθαι,

96 1630 152 1699 καλ
172 1628 215 1699 τά
236 1630 387 1714 παρόντα
409 1639 635 1716 περιορῶντας
654 1629 739 1717 ὑπὲρ
767 1632 836 1698 τοῖν
862 1631 1053 1717 μελλόντων

92 1729 174 1809 τοὺς
191 1727 315 1809 άλλους
331 1737 460 1817 φοβεῖν.
494 1727 536 1798 οὐ
552 1734 637 1814 λέγω
654 1739 774 1815 ταῦτα,
797 1728 880 1798 άλλά
901 1745 969 1810 τοῖς
991 1731 1053 1816 μὲν

93 1832 129 1897 ἐν
139 1830 344 1917 Χερρονήσῳ
355 1827 494 1915 χρήματ’
507 1826 720 1897 ἀποστέλλειν
731 1832 816 1916 φημὶ
827 1833 896 1897 δεῖν
907 1831 962 1897 καὶ
972 1828 1053 1897 τάλ-

92 1935 134 1996 λα
152 1926 219 1996 ὅσα
233 1927 364 2006 άξιοΰσι
384 1942 506 2012 ποιεῖν,
528 1928 650 2008 αὐτοὺς
673 1933 710 1997 δὲ
730 1928 1051 2015 παρασκευάζεσθαι,

94 2029 148 2095 καὶ
171 2025 326 2111 κρότους
346 2022 368 2093 ά
388 2025 449 2112 χρὴ
472 2035 652 2107 ποιοῦντας
668 2026 742 2097 τότε
758 2032 814 2097 καὶ
831 2032 910 2108 τούς
928 2027 1050 2108 ἄλλους
1063 2042 1115 2095 130

12 2118 15 2125 ¹
85 2123 249 2210 Ἕλληνας
270 2131 465 2209 συγκαλεῖν,
497 2126 674 2211 συνάγειν,
708 2129 894 2213 διδάσκειν,
923 2139 1049 2196 νουθε-

92 2236 177 2292 τεῖν·
198 2217 298 2291 ταῦτ’
315 2225 382 2291 έστλ
399 2224 527 2303 πόλεως
544 2223 668 2312 άξίοιμα
679 2226 823 2311 ’ἐχούσης
839 2225 956 2312 ήλίκον
967 2225 1050 2312 ὑμῖν

55 2318 244 2408 λιδπάργει.
277 2327 308 2389 εἰ
322 2321 355 2390 δ’
373 2332 486 2391 οῖεσθε
498 2327 681 2402 Χαλκιδέας
697 2324 759 2410 τήν
770 2322 910 2393 Ἑλλάδα
927 2325 1052 2391 σοι’σειν

10 2492 12 2499 ,
91 2418 112 2509 ή
131 2425 329 2509 Μεγαρέας,
358 2419 452 2509 ὑμεῖς
473 2421 504 2491 δ’
528 2421 779 2507 άποδράσεσθαι
798 2424 839 2490 τά
861 2421 1049 2507 πράγματα,

93 2518 153 2592 οόκ
164 2518 423 2608 όρθιόςοέεσθε·
448 2518 619 2607 ἀγαπητόν
641 2522 704 2604 γὰρ
734 2520 792 2589 ἐάν
809 2519 903 2588 αὐτοὶ
914 2521 1051 2602 σώζων-

10 2612 13 2701 λ
92 2647 144 2690 ται
152 2621 288 2692 τούτοιν
299 2623 438 2688 ἕκαστον.
463 2618 538 2689 ἀλλ’
550 2618 630 2706 ὑμῖν
647 2626 746 2687 τοῦτο
764 2623 944 2703 πρακτέον·
967 2617 1051 2706 ὑμῖν

10 2722 13 2729 ’
92 2726 124 2790 οἱ
137 2720 302 2807 πρόγονοι
317 2728 416 2789 τοῦτο
434 2719 470 2788 τὸ
487 2725 586 2806 γέρας
604 2721 783 2806 ἐκτήσαντο
800 2722 855 2787 καὶ
872 2721 1050 2788 κατέλιπον

54 2837 82 2893 75
90 2821 170 2905 μετὰ
181 2826 319 2886 πολλῶν
328 2821 384 2887 καλ
394 2818 549 2907 μεγάλων
559 2818 736 2886 κινδύνων.
762 2824 792 2886 εἰ
807 2816 839 2886 δ’
857 2815 878 2886 δ
893 2819 1048 2905 βούλεται

10 2988 14 3003 ,
91 2922 195 3006 ζητῶν
207 2921 345 2998 ἕκαστος
356 2923 560 3003 καθεδεῖται,
582 2914 1049 3004 καλόπωςμηδέναύτόςποι-

10 3012 14 3063 λ
89 3017 160 3104 ήσει
171 3026 326 3103 σκοπόν,
350 3026 483 3103 πρῶτον
500 3017 561 3103 μὲν
573 3014 615 3084 οὐ
627 3015 754 3103 μήποθ’
770 3015 852 3104 εὕρῃ
862 3015 1047 3104 τούςποιή-

90 3136 227 3202 σουτας,
249 3121 361 3184 ἔπειτα
379 3120 512 3185 δέδοικα
522 3115 611 3195 ὅπως
628 3114 671 3202 μή
692 3114 797 3184 πάνθ’
818 3116 901 3202 άμα,
924 3115 987 3184 ὅσα
1005 3114 1057 3184 οά·

90 3217 284 3304 βουλόμεθα
291 3267 301 3301 ,
314 3230 421 3285 ποιεῖν
429 3213 508 3302 ἡμῖν
518 3213 646 3302 άνάγκή
658 3217 799 3301 γένηται.
880 3281 884 3291 ,

55 3321 82 3378 λθ
168 3313 251 3402 'M
271 3315 333 3401 μὲν
351 3313 392 3401 δή
402 3324 505 3383 ταῦτα
516 3317 617 3398 λέγω,
640 3320 743 3380 ταῦτα
755 3312 889 3398 γράφω·
933 3309 1048 3378 καλοῖ-

89 3439 145 3498 μαι
156 3417 291 3484 καλνῦν
303 3419 349 3483 ἔτι
360 3415 645 3500 ἐπανορθωθῆναι
656 3408 700 3480 άν
717 3410 757 3480 τά
774 3411 948 3495 πράγματα
964 3405 1046 3473 τοά-
