2340 3894
134 194 200 268 244,
336 197 431 259 xvlu.
471 194 895 261 ΔΗΜΟΣΘΕΝΟΤΣ

136 356 231 425 πόλει
247 354 303 421 ναὶ
319 357 516 437 πλουσίους,
539 356 574 419 οἱ
587 349 669 437 μετὰ
680 360 784 419 ταῦτα
795 350 856 439 τὰς
865 353 1013 438 μεγάλας
1024 357 1093 435 ἐπι-

138 453 247 531 δόσεις
269 451 453 529 ἐπιδόντες·
476 451 533 519 παλ
552 449 617 536 γὰρ
640 448 755 540 εὐνοίηι
772 452 827 519 καὶ
843 451 981 543 ,πλούτῳ
999 452 1092 523 τοῦτ’

76 553 129 610 172
138 556 305 637 ἐποίησαν.
328 547 402 617 ἄλλ’
415 546 460 628 ὡς
470 554 588 632 ἔοικεν,
601 551 726 628 ἐκεῖνος
736 545 754 618 ὁ
766 547 881 636 καιρός
892 552 948 619 καὶ
957 548 980 639 ἡ
990 547 1095 637 ἡμέρα

137 653 246 735 ἐκείνη
262 644 305 715 οὐ
320 647 426 734 μόνον
441 645 566 714 εὔνουν
587 646 824 716 καλδπλοόσιον
836 645 952 734 ίινδρα
972 648 1094 736 ἐκάλει,

139 746 222 817 ἀλλὰ
239 751 294 815 καὶ
310 744 635 832 παρηκολουθηκότα
651 758 720 823 τοῖς
737 745 928 832 πράγμασιν
938 744 1094 834 ἐξόρηης,

138 848 194 913 ναὶ
210 846 507 930 συλλελογισμένον
524 840 638 928 ὀρθῶς
653 851 743 921 τίνος
758 846 856 912 ἕνεκα
867 843 961 912 ταῦτ’
974 849 1097 930 ἐπρατ-

138 943 224 1013 τενό
238 951 400 1021 Φίλιππος
412 945 466 1010 καὶ
477 949 512 1009 τί
518 941 736 1028 βουλόμενος·
759 939 853 1028 όγόιρ
871 939 915 1028 μη
934 942 1030 1010 ταῦτ’
1049 949 1096 1013 εί-

139 1040 205 1120 δός
215 1040 289 1127 μηδ’
299 1038 461 1127 ἑξηταιιεδς
472 1041 652 1126 πόρρωθεν
663 1043 839 1126 ἐπιμελῶς,
852 1037 921 1108 οὔτ’
934 1045 966 1108 εί
973 1039 1095 1120 τόνους

137 1133 181 1226 ἦν
198 1137 273 1208 οὔτ’
292 1165 307 1205 ε
309 1137 513 1233 ίπλοόσιος,
535 1137 636 1207 οὐδὲν
652 1145 781 1224 μᾶλλον
802 1135 977 1224 έμελλεν“
955 1166 975 1207 ο
992 1164 1025 1205 τι
1032 1165 1093 1226 χρη

77 1257 129 1315 173
138 1251 245 1305 ποιειν
266 1246 416 1306 εἴσεσθαι
432 1226 541 1304 οὐδΗ
524 1251 604 1322 υμῖν
620 1238 706 1316 ἕξειν
723 1234 975 1323 συμβουλεύειν.
1010 1237 1094 1323 ἐφά-

138 1362 202 1453 νηγ
217 1325 334 1404 τοίνυν
351 1362 450 1414 ουτος
463 1340 501 1404 έν
518 1340 627 1424 ἐκείνη
646 1362 685 1423 τη
673 1333 831 1423 ἦμέρηι’
813 1332 890 1421 εγό,
902 1337 959 1405 καὶ
968 1343 1094 1423 παρελ-

138 1432 214 1502 θόν
226 1432 362 1502 είπον’
331 1460 377 1513 εις
387 1431 483 1520 ὑμᾶς,
496 1462 516 1501 α
501 1432 593 1520 ’μου
605 1435 731 1518 δυοῖν“
711 1459 787 1502 ενειι
792 1430 978 1503 ’ἄκου’σατε
989 1447 1138 1520 wod-28!

139 1528 455 1625 σηόντεςτόννοῠν,
476 1530 637 1619 ἐνόςμεν,
659 1537 694 1600 ἵν
697 1529 870 1618 'dorius'
849 1534 1095 1619 οτιμόνοςτνλν

139 1631 306 1716 λεγόντων
318 1634 373 1700 καὶ
384 1635 650 1717 πολιτευομένων
659 1627 723 1717 ἐγώ
735 1629 797 1717 την
811 1637 870 1716 τῆς
886 1629 1022 1711 εὐνοίας
1036 1630 1095 1699 τό·

139 1735 191 1808 ξιν
202 1732 239 1797 ἐν
248 1743 317 1808 τοῖς
328 1734 449 1808 δεινοῖς
460 1727 523 1798 οὐκ
534 1727 752 1815 έλιπον,ἰίλλι“ι
765 1730 819 1797 καὶ
828 1731 936 1814 λέγων
944 1731 1001 1798 καὶ
1011 1729 1095 1817 γρό-

140 1854 216 1912 φοιν
231 1830 429 1915 ἐξηταζόμην
446 1827 487 1896 τὰ
506 1827 621 1896 δέονθ’
641 1825 725 1912 ὑπὲρ
742 1825 839 1914 ὑμῶν
856 1831 892 1895 ἐν
904 1825 1019 1907 αὐτοῖς
1027 1842 1094 1909 τοῖς

140 1933 311 2012 φοβεροῖς,
335 1928 449 2010 έτίρου
461 1926 512 2012 δέ,
533 1926 587 1994 ότι
597 1924 719 2013 μιαρόν
730 1923 961 2005 ἀναλώσαντες
970 1927 1094 2013 χρόνον

139 2029 251 2108 πολλῷ
269 2020 409 2107 πρὸςτό
425 2022 524 2091 λοιποὶ
541 2032 599 2111 τῆς
616 2025 723 2110 πόσης
732 2032 896 2104 πολιτείας
905 2022 1025 2099 ἔσεσθ’
1037 2026 1094 2111 έμ-

78 2120 330 2207 174πειρότεροι.
364 2121 459 2205 εἷπον
475 2133 592 2192 τοίνυν
607 2121 772 2202 ότι“τούς
788 2125 850 2210 μὲν
867 2120 911 2204 ὡς
921 2119 1094 2244 όπμρηόν-

135 2215 223 2287 “ww
235 2226 391 2341 Θηβαίων
402 2229 555 2313 Φιλίππῳ
573 2228 649 2292 λίαν
665 2227 942 2310 θορυβουμένους
960 2221 1094 2309 ἀγνοεῖν

133 2313 195 2386 “ta
212 2320 362 2405 παρόντα
379 2320 554 2492 πράγμαθ’
571 2320 731 2409 ηγοῦμαι
754 2314 795 2390 εὖ
810 2348 889 2442 γαρ
892 2318 999 2390 οἷδ’”
977 2348 1047 2408 οτι,
1067 2326 1095 2390 εί

131 2410 252 2486 “τουθ’
266 2418 373 2498 ου’τας
383 2419 562 2507 ἐτύγχανεν
572 2426 663 2506 ἔχον,
682 2447 745 2489 ουιι
756 2448 800 2488 αν
810 2446 916 2495 αντον
926 2444 1095 2507 ηπουομσν

134 2513 210 2584 ἐν
203 2519 376 2605 Ελατείη
356 2545 454 2606 οντα,
476 2517 549 2588 ἀλλ’
564 2522 618 2588 ἐπὶ
627 2535 695 2600 τοις
713 2518 883 2611 ημετέροις
899 2516 940 2607 ὁρ
942 2525 1018 2600 ί.οις
1044 2517 1094 2587 ότι

129 2607 265 2698 ’μέντοι
275 2614 321 2682 ἵν’
335 2617 447 2702 ἕτοιμα
458 2617 634 2705 ποιησηται
643 2644 684 2686 τα
671 2617 731 2686 ἐν
742 2615 900 2705 Θηβαις”
877 2644 967 2704 ηιιει,
980 2623 1095 2705 σαφῶς

130 2709 333 2799 “ἐπίσταμαι.
369 2711 464 2793 ὡςδ’
482 2713 562 2801 ἐχει”
582 2714 692 2838 ἔφην’
695 2724 818 2803 ταῦτα,
840 2712 1012 2784 ακουσατέ
1018 2741 1093 2802 μου

76 2806 141 2867 175
142 2806 316 2886 ἐκεῖνος’
295 2831 396 2888 οσους
412 2839 432 2896 η
451 2827 561 2881 πεῖσαι
577 2814 720 2938 χρήμασι
732 2804 888 2903 Θηβαίαν
898 2842 919 2902 η
906 2809 1095 2901 ’ἐξαπατη-

133 2904 212 2974 “σαι
227 2906 368 2994 ἐνῆν,”
345 2931 493 2988 απαντας
509 2909 738 2997 ηὐτρέπισται·
761 2910 891 2992 τούςδ’
909 2910 971 2981 ἀπ’
995 2912 1095 2999 ἀρχῆς

133 3001 401 3091 ανθεστηιιοτας
412 3034 502 3099 αυτοι
490 3012 623 3078 καὶ
579 3038 645 3079 νυν
653 3015 929 3097 ἐναντιουμένους
939 3009 1095 3096 ουδαμως

132 3097 264 3180 πεῖσαι
273 3104 421 3174 δυναται
453 3113 536 3176 τί
497 3135 562 3177 ουν
571 3111 744 3196 βουλεται
757 3113 856 3179 καλτί
841 3116 912 3189 νος
923 3137 1024 3180 ενειια
1033 3137 1095 3198 την

131 3196 332 3270 ’Ἐλατειαν
352 3212 565 3298 αατείληφεν;
587 3216 728 3295 πλησίον
750 3210 895 3296 δύναμιν
915 3215 1024 3292 δείξας
1040 3209 1095 3278 καὶ

132 3296 375 3388 “παραστήοας
381 3330 421 3371 τα
439 3301 526 3373 ὅπλα
542 3303 622 3386 τούς
638 3308 831 3393 μὲνὲαντου
816 3313 962 3392 φίλους
973 3312 1093 3395 ἐπᾶραι

129 3391 208 3467 “καῖ
224 3410 363 3492 θρασεῖς
377 3411 528 3491 ποιῆσαι,
551 3405 630 3484 τοὺς
647 3404 679 3474 δ’
698 3407 976 3493 ἐναντιουμένους
990 3432 1093 3476 αατα-
