2340 3894
227 309 232 321 ,
264 234 515 298 ωεειυον
534 235 830 300 Συευκαον.
958 234 1020 300 ειν

58 395 127 489 εἶχ’
141 394 193 465 ἐπ’
208 394 368 482 ἀληθείας
385 396 453 461 δέοι
465 405 680 480 σκοπεῖσθαι,
699 394 737 462 τό
750 396 1022 478 καταψεύδεσθαι

58 499 116 566 καὶ
128 493 169 564 δι’
184 501 311 584 ἔχθραν
323 520 354 560 τι
364 494 473 577 λέγειν
489 491 668 572 ἀνελόντας
683 498 718 561 ἐκ
735 499 854 581 μέσον,
877 503 964 574 τίνες
977 493 1022 574 ὡς

58 594 295 681 ἀληθείςείσίν
309 586 357 670 οἷς
370 587 413 658 ἀν
431 592 567 670 εἰκότως
583 595 638 659 καί
655 596 789 672 δικαίως
805 592 867 680 την
883 600 952 660 των
964 618 1021 678 χε-

57 694 254 780 νενημένων
264 695 374 758 αἰτίαν
386 691 437 757 ἐπί
449 688 511 776 την
523 689 674 777 κεφαλὴν
692 689 852 759 άναθείεν
866 690 1020 777 άπαντες,

60 791 142 872 τούς
163 787 300 876 ὁμοίους
310 788 418 878 τούτῳ
437 787 511 875 παρ’
526 788 646 878 ἑκάστη
663 797 732 857 τῶν
745 790 877 863 πόλεων
893 787 1084 876 εὕροιτ’ςς4

10 899 51 955 ι95
62 887 117 977 ἀν,
129 887 172 959 οὐ
182 887 261 966 τούς
271 893 358 989 ἐμοθ
379 894 427 973 οἳ,
440 881 542 976 ὅτ’ἦν
552 889 683 975 ἀσθενῆ
689 888 729 957 τά
750 897 919 957 Φιλίππου
931 889 1021 973 πρά-

60 1015 170 1076 γματα
183 989 239 1055 καί
249 991 371 1075 κομιδῇ
383 984 500 1072 μικρά,
515 989 673 1076 πολλάκις
685 987 1022 1075 προλεχόντωνὴμοίν

61 1089 120 1155 καὶ
130 1083 418 1171 παρακαλούντων
428 1087 483 1152 καὶ
500 1087 728 1155 διδασκόντων
737 1084 777 1154 τά
789 1091 951 1174 βέλτιστα,
964 1092 1022 1173 τῆς

61 1191 148 1275 ἰδίας
158 1181 240 1252 ένεά
254 1188 503 1269 αἰσχροκερδίας
524 1184 564 1252 τδι
587 1192 686 1272 κοινῇ
699 1187 913 1271 συμφέροντα
923 1189 1023 1272 προί-

63 1310 159 1368 εντο,
179 1282 259 1360 τούς
276 1280 485 1368 ὑπάρχοντας
502 1284 634 1351 Ιἕκαστοι
650 1290 785 1362 πολίτας
798 1287 1023 1364 ἐξαπατῶντες

48 1383 119 1471 Ικαί
131 1385 394 1466 διαφθείροντες,
410 1381 472 1460 ἕως
483 1380 625 1460 δούλους
641 1383 816 1468 ἐποίησαν,
839 1378 1024 1458 Θετταλούς

63 1480 207 1566 Δάοχος,
219 1484 352 1563 Κινέας,
367 1484 592 1566 Θρασυδαῖος,
601 1478 760 1567 Ἀρκάδας
769 1482 949 1563 Κερκιδᾶς,
963 1475 1024 1545 Ἱε-

63 1576 230 1665 ρώνυμος,
242 1575 474 1663 Εὐκαμπίδας,
484 1577 651 1664 Ἀργείους
662 1577 813 1663 Μύρτις,
828 1577 1021 1663 Τελέδαμος,

63 1682 236 1762 Μνασέας,
244 1673 390 1754 Ἠλείους
400 1674 573 1761 Εὐξίθεος,
584 1674 1023 1765 Κλεότιμος,Ἀρίσταιχμος,

62 1782 280 1861 Μεσσηνίους
292 1780 327 1843 οί
334 1776 496 1844 Φιλιάδου
507 1784 568 1844 τοῦ
583 1789 677 1856 θεοῖς
688 1780 815 1861 ἐχθροῦ
829 1778 942 1853 παῖδες
952 1776 1024 1841 Νέ-

18 1892 21 1899 ’
65 1902 114 1944 ων
125 1877 181 1946 καί
193 1875 422 1966 Θρασύλοχος,
435 1883 646 1955 Σικυωνίους
658 1874 882 1962 Ἀρίστρατος,
893 1871 1023 1958 Ἐπιχά-

63 2005 141 2064 ρης,
163 1985 370 2064 Κορινθίους
387 1985 587 2065 Δείναρχος,
608 1974 825 2066 Δημάρατος,
847 1975 1025 2059 Μεγαρέας

62 2076 295 2163 Πτοιόδωρος,
309 2075 451 2162 Ἕλιξος,
473 2085 653 2162 Περίλαος,
677 2081 845 2162 Θηβαίους
868 2071 1022 2158 Τιμόλας,
1146 2162 1148 2167 γ

64 2181 260 2261 Θεογείτων,
268 2173 470 2261 Ἀνεμοίτας,
483 2174 633 2260 Εὐβοέας
645 2173 838 2259 Ἵππαρχος,
861 2176 1024 2253 Κλείταρ-
1122 2167 1125 2173 ’

10 2299 130 2358 χςςχος,
151 2280 393 2357 Σωσίστρατος.
426 2276 583 2354 ἐπιλείψει
604 2297 644 2357 με
666 2273 804 2354 λέγοντα
824 2266 844 2355 ἡ
862 2265 967 2354 ἡμέρα
984 2267 1024 2332 τά

63 2379 133 2438 τείν
149 2376 325 2455 προδοτῶν
343 2369 502 2458 όνόματα.
535 2363 630 2438 οὗτοι
650 2368 772 2445 πάντες
783 2369 882 2447 εἰσὶν,
905 2363 1025 2448 ἀνδρες

61 2470 245 2556 Ἀθηναῖοι,
255 2479 324 2538 τείν
335 2467 448 2538 αὐτῶν
458 2469 697 2557 βουλευμάτων
708 2469 745 2534 ἐν
756 2479 826 2542 ταίς
837 2459 950 2530 αὐτῶν
960 2488 1026 2528 πα-

63 2573 174 2651 τρίσιν
184 2559 296 2653 ὦνπερ
307 2561 401 2650 οὗτοι
411 2566 483 2652 παρ’
497 2566 769 2655 ύμῖν,ἀνθρωποι
777 2563 889 2650 μιαροὶ
899 2563 954 2629 καὶ
965 2560 1026 2628 κό-

64 2674 166 2746 λακες
185 2670 241 2736 καὶ
262 2667 459 2755 ἀλάστορες,
490 2667 798 2755 ἠκρωτηριασμένοι
818 2659 877 2739 τάς
898 2662 1026 2727 ἕαντοόν

65 2765 202 2833 ἕκαστοι
212 2772 380 2852 πατρίδας,
392 2765 455 2853 τὴν
469 2771 665 2855 ἐλευθερίαν
675 2761 930 2849 προπεπωκότες
941 2761 1026 2846 πρό-

65 2889 167 2946 τερον
178 2863 240 2950 μὲν
252 2872 415 2952 Φιλίππω,
428 2873 493 2934 νῦν
509 2866 544 2935 δὲ
553 2863 775 2951 Ἀλεξάνδρον,
787 2869 828 2950 τῇ
838 2863 954 2947 χαστρί
966 2885 1026 2946 με·
1078 2940 1083 2948 Ι

64 2968 227 3048 τροῦντες
243 2964 377 3042 καὶτοῖς
388 2969 565 3049 αἰσχίστοις
575 2961 638 3049 τὴν
656 2960 891 3046 εὐδαιμονίαν,
919 2957 981 3046 την
993 2956 1025 3026 δ’

1011 3052 1026 3078 ss

65 3064 266 3143 ἐλευθερίαν
287 3063 342 3130 καλ
359 3063 396 3128 τό
419 3066 544 3148 μηδένα
567 3067 653 3146 ἔχειν
671 3060 837 3144 δεσπότην
860 3056 982 3141 αὐτῶν,
1005 3082 1026 3123 α

65 3172 135 3238 τοίς
145 3157 475 3246 προτέροιςἝλλησιν
486 3159 561 3244 ὅροι
572 3168 640 3234 τῶν
648 3159 789 3245 ἀμαθῶν
799 3150 887 3244 ἦσαν
898 3157 953 3224 καὶ
965 3180 1027 3221 κα-

65 3256 460 3344 νόνες,ἀνατετροφότες.

10 3367 56 3428 Μ
154 3357 286 3446 Ταύτης
295 3364 412 3427 τοίνυν
423 3366 481 3444 της
493 3359 599 3437 οὕτως
610 3365 747 3444 αἰσχράς
756 3358 811 3424 καί
828 3351 1029 3439 περιβοήτου

36 3540 41 3546 .
63 3456 258 3537 συστάσεως
267 3458 323 3526 καὶ
333 3463 460 3544 κακίας,
477 3465 604 3544 μᾶλλον
616 3455 662 3542 δ’,
675 3450 832 3541 οδάνδρες
846 3452 1026 3539 Ἀθηναῖοι,
1036 3471 1087 3526 325
