2340 3894
124 210 187 276 ιιο
338 216 373 274 x.
412 208 863 288 [ΔΗΜοΣοεΝονΣ]

123 370 320 458 γορούντωυ
335 368 531 463 ἀκούσεται,
552 365 612 447 οὓς
629 364 713 452 ὑπὲρ
723 375 786 434 τοῦ
794 371 1025 454 συμφέροντος
1036 363 1080 437 ἀν

123 467 281 555 ἡγήσαιτο
302 475 363 534 τοῦ
384 470 471 536 ίδίου
487 468 612 551 λέγειν,
635 462 715 532 ἀλλά
738 473 798 533 τοῦ
809 468 1001 549 πράξαντος
1015 465 1081 535 αύ-

123 575 186 634 τοῦ
195 568 250 633 καὶ
261 569 477 650 διοικοῦντος,
489 561 569 630 ὥστ’.
584 562 668 630 εἶναι
678 565 794 642 πιστάς
803 561 861 642 τάς
870 573 1079 651 κατηγορίας,
1088 577 1125 634 1«

124 663 424 749 καὶλοιπὸνλόγον
437 662 598 741 εἶναιτοῖς
608 659 688 749 παρ’
708 659 805 748 ἡμῶν
822 665 1016 749 πρέσβεσιν,
1038 661 1080 733 δν

81 761 280 848 33βασιλεύς
297 759 404 848 ἥδιστ’
424 756 635 846 ἀνάιιούσαι,
658 758 703 838 άς
713 760 775 827 τὸν
785 757 995 845 ἀμφοτέρους
1005 757 1081 828 ἀδι-

124 869 249 930 κοΰντα
259 868 356 948 κοινῇ
365 859 619 944 τιμωρήσασθαι
629 863 693 942 δεῖ,
715 859 770 925 καὶ
780 856 833 925 ὅτι
849 857 936 926 πολύ
953 864 999 946 τῷ
1016 865 1080 944 βα-

124 967 211 1027 σιλεῖ
218 958 448 1045 φοβερώτερός
458 955 532 1024 ἐσθ’
546 955 565 1025 ὁ
578 963 750 1042 Φίλιππος,
763 952 808 1024 ἀν
819 962 991 1043 προτέροις
1001 955 1081 1044 ἡμῖν

124 1060 292 1142 ἐπιθῆται·
305 1062 336 1124 εί
344 1055 408 1141 γάρ
420 1054 732 1141 ἐγκαταλειπόμενοί
740 1082 772 1121 τι
782 1052 1080 1142 πεισόμεδαὴμεῖς,

125 1153 230 1233 ἀδεῶς
246 1153 297 1222 ἐπ’
316 1157 446 1222 ἐκεῖνον
462 1155 526 1240 ἤδη
543 1154 750 1239 πορεύσεται.
782 1151 868 1238 ὑπὲρ
887 1152 928 1240 δὴ
949 1153 1079 1221 τούτων

125 1249 284 1321 ἁπάντων
300 1252 391 1338 οἶμαι
406 1257 477 1320 δεῖν
492 1251 579 1339 ὑμᾶς
587 1258 775 1343 ,πρεσβείαν
789 1255 984 1337 ἐκπέμπειν,
1006 1250 1110 1346 ἥτις4

123 1360 171 1442 τῷ
181 1360 313 1439 βασιλεῖ
319 1353 514 1438 διαλέξεται,
534 1354 589 1420 καὶ
600 1349 662 1437 τὴν
671 1348 866 1437 ἀβελτερίαν
873 1346 1078 1437 ἀποθέσθαι,

126 1448 170 1517 δι’
189 1447 233 1536 ἣν
250 1451 407 1529 πολλάκις
429 1448 659 1536 ἠλαττώθητε,
677 1447 718 1516 “ὁ
742 1448 781 1536 δὴ
800 1449 971 1538 βάρβαρος
987 1448 1078 1518 καὶὸ

80 1544 384 1628 34“κοιυδςάπασιν
394 1548 528 1636 ἐχθρός”
540 1551 595 1617 καὶ
606 1549 713 1616 πάντα
725 1547 921 1616 τὰτοιαῦτα.
937 1546 1002 1634 ἐγώ
1011 1548 1080 1633 γάρ

124 1646 205 1715 ὅταν
221 1645 285 1716 τιν’
305 1653 365 1716 λδω
381 1646 442 1716 τὸν
458 1651 520 1734 μὲν
531 1651 568 1716 ἐν
578 1647 724 1726 Σούσοις
739 1648 794 1715 καὶ
802 1644 1013 1732 Ἐκβατάνοις
1025 1651 1079 1713 δε-

124 1747 259 1815 δοικότα
274 1749 330 1815 καλ
346 1746 515 1815 κακόνουν
527 1745 611 1814 εἶναι
621 1755 661 1835 τῇ
673 1745 768 1814 πόλει
778 1745 964 1830 φάσκοντα,
977 1741 1015 1824 ὃς
1024 1750 1078 1815 καλ

122 1843 286 1927 πρότερον
307 1845 599 1931 συνεπηνώρθωσε
620 1845 661 1912 τά
676 1854 734 1931 τῆς
752 1846 879 1922 πόλεως
900 1842 1078 1929 πράγματα

121 1942 177 2007 καί
187 1947 252 2006 νῦν
264 1942 477 2027 ἐπηγγέλλετο
489 1949 534 2026 (εί
543 1944 579 2010 δὲ
588 1941 632 2029 μὴ
644 1940 785 2028 ἐδέχεσθ’
798 1942 900 2029 ὑμεῖς,
912 1939 983 2010 ἀλλ’
996 1940 1078 2012 ἀπε-

122 2043 321 2124 ψηφιζεσδε,
343 2036 385 2105 ού
402 2038 443 2106 τά
457 2065 496 2124 γε
514 2042 644 2108 ἐκείνου
655 2050 771 2127 αίτια),
795 2038 880 2127 ὑπὲρ
897 2044 933 2109 δέ
949 2049 1011 2110 τοῦ
1026 2044 1078 2111 ἐπὶ

121 2148 193 2215 ταῖς
208 2137 332 2223 θύραις
348 2141 447 2224 ἐγγύς
463 2137 585 2206 οὑτωσὶ
596 2143 633 2231 ἐν
643 2144 726 2227 μέση
737 2149 779 2229 τῇ
792 2139 921 2212 Ἑλλάδι
932 2136 1079 2222 αὐξανο-

120 2238 224 2321 μένου
234 2244 359 2324 ληστοῦ
368 2237 608 2325 τῶνἙλλήνων
618 2237 699 2308 ἀλλο
708 2267 739 2306 τι
746 2245 896 2326 λέγοντα,
903 2240 1078 2326 θαυμάζω,

120 2337 176 2402 καλ
193 2338 327 2404 δέδοικα
344 2344 480 2424 τούτου,
504 2334 594 2416 ὅστις
610 2333 654 2405 ἀν
674 2365 696 2426 η
717 2335 806 2424 Ιποτ’,
829 2335 941 2424 ἔγωγ’,
964 2335 1079 2423 ἐπειδὴ

121 2432 183 2520 ούχ
195 2426 292 2514 οὗτος
302 2443 477 2512 Φίλιππον.
1095 2428 1105 2509 s

74 2541 110 2597 35
198 2532 289 2602 ’Ἐστι
299 2542 416 2603 τοίνυν
424 2560 456 2601 τι
466 2543 600 2621 πρᾶγμα
610 2538 665 2603 καὶ
675 2534 768 2619 ἀλλο,
780 2531 801 2602 δ
811 2543 1004 2621 λυμαίνεται
1014 2534 1079 2621 τὴν

119 2633 218 2700 πόλιν
233 2630 300 2699 ὑπὸ
315 2637 526 2717 βλασφημίας
543 2630 661 2702 ἀδίκου
677 2632 861 2717 καλλύνων
883 2631 926 2701 ού
947 2655 1078 2720 προση-

118 2729 250 2797 κόντων
267 2733 543 2815 διαβεβλημένην,
566 2731 634 2799 είτα
644 2747 718 2811 ’τοῖς
734 2733 840 2819 μηδὲν
856 2740 926 2802 τοῖν
936 2738 1078 2801 δικαίων

118 2829 156 2893 ἐν
171 2833 212 2912 τῇ
226 2833 372 2914 πολιτεία
388 2831 603 2913 βουλομένοις
620 2843 728 2898 ποιεῖν
744 2831 915 2915 πρόφασιν
925 2834 1076 2916 παρέχω·

118 2925 174 2992 καὶ
188 2923 340 3008 πάντων,
363 2922 427 2992 ’ὅσα
443 2928 598 3011 ἐκλείπει,
620 2930 699 2997 δέον
713 2927 804 3012 παρά
814 2953 875 3017 του
885 2935 1075 3013 γίγνεσθαι,

117 3021 170 3089 ἐπὶ
185 3018 285 3088 τοῦθ’
304 3019 462 3110 εὑρήσετε
484 3024 546 3112 τὴν
566 3032 674 3094 αἰτίαν
697 3024 963 3113 ἀναφερομένην.
997 3029 1077 3112 περὶ

74 3140 109 3195 36
118 3108 161 3186 οὗ
171 3117 262 3186 πάνυ
273 3121 334 3204 μέν
345 3130 516 3208 φοβοῦμαι
526 3128 644 3212 λέγειν,
657 3150 675 3192 ο

23 3238 28 3247 ·
118 3215 184 3303 γὰρ
193 3219 279 3298 ἕξειν
287 3221 343 3287 καὶ
352 3219 436 3305 ὑπὲρ
446 3230 513 3290 τοῖν
524 3219 662 3307 ἀπόρων
672 3222 713 3292 τά
725 3229 835 3292 δίκαια
852 3224 905 3292 ἐπὶ
921 3231 970 3313 τῷ
978 3243 1076 3311 wne

120 3319 256 3402 φέροντι
275 3319 488 3403 τῆςπόλεως.
500 3327 604 3390 εἰπεῖν
625 3322 709 3408 πρὸς
727 3322 807 3400 τούς
829 3318 996 3406 εύπύρους
1016 3325 1075 3390 καί

118 3411 204 3499 ὑπὲρ
215 3419 503 3505 τάνμεκτημένων
512 3419 570 3499 τὰς
580 3418 695 3500 ούσίας
706 3419 791 3505 πρὸς
801 3420 880 3501 τούς
890 3425 1073 3505 καταδεεῖς,
1083 3431 1125 3497 14]
