2340 3894
159 210 167 221 ‘
219 208 347 271 ΠΕΡΙ
374 208 485 270 ΤΩΝ
506 208 581 271 ΕΝ
599 209 961 273 ΧΕΡΡΘΝΗΣΩῙ.
1026 209 1068 295 Sl

107 367 170 439 τόν
181 368 331 457 πόλεμον
340 367 424 454 πρός
434 369 496 454 τὴν
504 365 651 454 Ἀττικὴν
662 374 771 458 έοῖσαι,
782 368 805 458 ἦ
815 370 1069 453 κατασκευάζειν

110 472 180 536 ἐκεῖ
185 466 253 536 τιν’
265 466 423 553 άσχολίαν
435 466 527 556 αύτῷ
534 496 543 548 3
565 466 629 552 ἐγώ
639 469 701 553 μέν
716 464 808 553 οἶμαι
818 473 930 535 τούτο.

73 576 102 630 19
198 573 312 634 Ταύτα
327 572 446 633 τοίνυν
461 564 610 642 ἅπαντας
625 565 753 646 είδότας
770 571 823 635 καὶ
839 573 1069 655 λογιζομένους

108 663 169 752 χρὴ
187 663 235 751 μά
246 662 304 732 Δί’
324 663 384 750 ούχ
400 662 444 751 ἣν
452 672 638 750 Διοπείθης
649 674 799 753 πειρᾶται
808 676 848 757 τῇ
859 668 952 735 πόλει
963 669 1069 736 δύνα-

108 791 164 849 μιν
181 765 461 850 παρασκευάζειν,
483 764 609 848 ταύτην
624 771 817 851 βασκαίνειν
837 767 893 833 καὶ
914 770 1068 834 διαλῦσαι

109 871 308 949 πειράσθω,
339 860 414 930 ἀλλ’
439 865 553 949 ἑτέραν
575 861 698 942 αὐτοὺς
717 864 1066 947 προσπαρασκευάζειν

108 965 161 1032 καὶ
177 971 472 1048 συνευποροῦντας
488 965 603 1052 ἐκείνῳ
619 964 796 1050 χρημάτων
818 964 873 1031 καὶ
893 962 996 1033 τάλλα
1014 969 1066 1032 οῖ-

75 1067 203 1140 θοιιείως
215 1064 553 1147 συναγωνιζομένους.
589 1067 618 1130 εἰ
627 1063 691 1148 γάρ
702 1088 751 1141 τις
767 1067 873 1147 ἔροιτο
886 1070 1064 1149 Φίλιππον,

108 1164 177 1228 είπέ
191 1187 265 1248 μοι,
288 1160 404 1246 πότερ’
421 1155 465 1228 όν
481 1161 618 1247 βούλοιο
628 1161 767 1240 τούτους
777 1163 856 1241 τοὺς
866 1163 1065 1247 στρατιώτας

107 1259 165 1340 οδς
175 1269 361 1348 Διοπείθης
372 1267 527 1346 νῦνέχει,
548 1259 628 1338 τούς
637 1259 936 1328 ὁποιουστινασοῦν
948 1259 1065 1345 (οὐδὲν

107 1358 168 1444 γάρ
186 1358 363 1445 ἀντιλέγω)
382 1357 537 1427 εὐθενεῖν
552 1361 608 1426 καὶ
618 1357 698 1442 παρ’
715 1359 900 1444 Ἀθηναίοις
918 1357 1065 1439 εὐδοξεῖν

108 1461 159 1526 καὶ
175 1465 312 1537 πλείους
328 1464 504 1543 γίγνεσθαι
521 1465 579 1544 τῆς
600 1457 727 1536 πόλεως
748 1459 1063 1543 συναγωνιζομένης,
1123 1471 1138 1529 ,’

107 1551 128 1641 ἢ
147 1558 399 1644 διαβαλλόντων
418 1565 521 1626 τινων
539 1561 595 1625 καὶ
616 1554 894 1643 κατηγορούντων
924 1559 1063 1624 διασπα-

109 1659 296 1740 σθῆναικαδ
305 1655 649 1741 διαφθαρῆναιςτούέ
659 1651 712 1741 άν,
722 1655 822 1742 οἶμαι,
833 1655 980 1743 φήσειεν.
1001 1653 1062 1724 εἶθ’

106 1750 128 1825 δ’
137 1759 301 1832 Φίλιππος
317 1751 361 1822 άν
380 1755 508 1834 εὔξαιτο
528 1770 597 1833 τοῖς
613 1766 723 1840 θεοῖς,
745 1755 848 1824 ταῦθ’
865 1753 961 1842 ἡμῶν
978 1755 1106 1833 wigo&

107 1851 232 1920 ἐνθάδε
242 1853 455 1935 πράττουσιν;
478 1852 546 1921 εἶτα
565 1859 610 1921 ἔτι
629 1861 748 1941 ζητεῖτε
759 1856 869 1924 πόθεν
879 1853 919 1922 τά
930 1862 987 1942 τῆς
998 1854 1063 1924 πό-

108 1958 187 2028 λεως
200 1947 373 2017 άπόλωλεν
383 1948 531 2032 ἅπαντας
547 1994 555 2009 x

76 2061 99 2114 21
187 2050 356 2134 Βούλομαι
372 2056 490 2118 τοίνυν
508 2049 590 2136 πρὸς
607 2050 693 2137 ὑμᾶς
704 2053 784 2139 μετά
796 2061 980 2140 παρρησίας
990 2055 1060 2134 ἐξε-

105 2145 251 2217 τύσαιτά
263 2150 410 2231 παρόντα
422 2150 599 2237 πράγματα
610 2159 651 2237 τῇ
667 2150 777 2235 πόλει,
799 2156 854 2220 καὶ
872 2154 1060 2232 σκέψασθαι

104 2255 135 2316 τί
142 2255 309 2332 ποιοῦμεν
319 2246 412 2317 αὐτοὶ
422 2257 489 2316 νῦν
500 2251 554 2317 καὶ
566 2247 657 2326 ὅπως
667 2249 810 2335 χρώμεθ’
825 2248 944 2327 αὐτοῖς.
966 2247 1060 2336 ἡμεῖς

103 2346 177 2414 οὔτε
187 2345 339 2434 χρήματα
350 2349 515 2432 εἰσφέρειν
525 2346 735 2434 βουλόμεθα,
759 2348 836 2416 οὔτε
853 2347 947 2415 αὐτοὶ
957 2367 1060 2430 στρα-

102 2446 260 2515 τεύεοθαι
276 2451 465 2563 τολμῶμεν,
489 2445 567 2512 ούτε
585 2471 655 2513 των
671 2472 794 2513 κοινων
806 2443 987 2529 ἀπέχεσθαι
998 2449 1060 2512 δυ-

72 2546 276 2668 θνάμεθα,
272 2568 352 2612 ουτε
362 2569 420 2620 τας
432 2542 601 2623 συντάξεις
612 2550 789 2613 Διοπείθει
805 2547 954 2628 δίδομεν,
978 2541 1058 2611 οὔθ’

101 2638 152 2711 ὅθ’
170 2639 217 2710 άν
234 2640 337 2722 αὐτὸς
354 2641 446 2732 αύτῷ
462 2651 637 2731 πορίσηται
654 2646 870 2729 ἐπαινοῦμεν,
893 2639 976 2710 άλλά
995 2650 1057 2730 βα-

101 2751 283 2828 σκαίνομεν
297 2745 353 2810 καὶ
370 2752 564 2830 σκοποῦμεν
581 2743 694 2813 πόθεν
710 2744 815 2812 καὶ
782 2769 800 2811 τ
800 2743 943 2830 ίμέλλει
950 2757 1057 2812 ποιεῖν

99 2843 151 2909 καὶ
168 2843 281 2910 πάντα
299 2841 340 2909 τά
357 2843 558 2926 τοιαυτδ,’
521 2845 582 2910 ούτ
586 2841 790 2929 ’ἐπειδήπερ
808 2839 913 2919 οὕτως
928 2839 1055 2929 ἔχομεν,

97 2938 135 3006 τὰ
144 2937 281 3026 ἡμέτερ’
295 2938 409 3008 αὐτῶν
420 2941 576 3029 πράττειν
585 2945 746 3029 ἐθέλομεν
752 2994 762 3027 ,
785 2940 859 3011 ἀλλ’
871 2944 908 3009 έν
919 2939 980 3028 μέν
990 2956 1057 3021 τοῖς
1155 2985 1158 2993 ,

97 3038 209 3123 λόγοις
224 3035 305 3117 τούς
322 3048 380 3126 τῆς
397 3039 523 3120 πόλεως
538 3047 695 3125 λέγοντας
705 3041 779 3121 ἄξια
789 3045 1006 3128 ἐπαινοῦμεν,
1019 3045 1057 3110 έν

97 3135 132 3204 δέ
145 3149 219 3214 τοῖς
235 3140 345 3258 ἔργοις
360 3152 430 3218 τοῖς
447 3143 716 3227 ἐναντιουμένοις
725 3139 857 3219 τούτοις
867 3160 1056 3226 συναγωνι-

59 3232 230 3320 δεξόμεθα.
265 3231 360 3321 ὑμεῖς
376 3237 438 3348 μὲν
454 3245 611 3307 τοίνυνεί
611 3240 750 3307 ω’θατε’
734 3239 886 3308 εκάστοτε
898 3237 959 3305 τὸν
969 3262 1057 3319 παρ-

97 3321 389 3407 ιόνταέρωτᾶν,’
355 3346 386 3389 τι
397 3319 461 3389 ούν
472 3321 533 3409 χρὴ
542 3335 666 3404 ποιεῖνς
679 3321 743 3408 ἐγω
753 3321 812 3392 δ’
793 3331 880 3410 υμιῖς
888 3327 1051 3409 ίρωτησαι

97 3411 627 3506 βσόλομαατίούνχρὴλέγεινςί
596 3444 611 3489 ε
631 3446 695 3508 γαρ
702 3448 784 3510 μητε
792 3421 1050 3510 είσοίσετε,μητε

140 3514 281 3568 Demosth.
328 3515 388 3578 V.ol
410 3515 429 3568 1.
881 3520 898 3574 6
