2340 3894
144 189 217 267 τσο,
308 191 406 252 xvm.
435 185 901 249 ΛΗωοΣοιτΝουε

143 348 315 436 ἀγαπητὸν
327 347 421 432 εἶναι,
430 352 460 414 εί
469 345 573 432 μηδὲν
584 347 783 430 παραλιπών
789 373 837 427 τις
847 343 869 413 ἃ
881 345 1138 434 δείπροὶξειεν.3ι

81 460 134 513 2⁶21
144 453 346 534 ἐπεπείσμην
357 443 391 513 δ’
403 443 488 532 ὑπὲρ
500 449 662 531 ἐμαυτοῦ,
683 446 864 533 τυχὸν-μὲν
876 445 1105 533 ἀναισθητῶν,

145 545 234 634 ὅμως
251 546 285 615 δ’
296 551 510 632 ἐπεπείσμην,
540 543 619 630 μήτε
636 541 800 630 γράφοντ’
819 540 862 612 δν
879 547 962 630 ἐμοῦ
978 543 1106 630 γράψαι

144 648 276 732 βέλτιον
286 647 428 732 μηδένα,
449 641 530 730 μήτε
554 645 741 728 πράττοντα
759 643 897 728 πρᾶξαι,
918 642 1002 730 μήτε
1024 667 1105 729 πρε-

145 747 309 831 σβεύοντα
319 751 522 830 πρεσβεῦσαι
529 739 875 829 προθυμότερονμηδέ
883 742 1103 826 δικαιότερον.

144 843 198 911 διὰ
209 850 314 910 ταῦτα
325 846 361 910 ἐν
372 849 474 909 πᾶσιν
485 838 632 927 ἐμαυτὸν
642 845 786 909 ἔταττον.
808 842 893 926 Λέγε
903 839 962 920 τὰς
973 844 1104 908 ἐπιστο-

142 939 201 1018 λοὶς
213 938 270 1018 τὰς
280 947 342 1006 τοῦ
356 946 532 1006 Φιλίππου.
595 1002 598 1018 ,

486 1095 755 1169 ΕΠΙΣΤΟΛΑΙ

46 1256 132 1312 222
223 1230 284 1303 Είς
299 1231 404 1292 ταῦτα
427 1214 606 1310 κατέστησε
628 1232 659 1291 Φ
659 1221 834 1294 ίλιππον’
817 1252 838 1346 η
859 1222 920 1312 ἐμὴ
944 1231 1098 1312 πολιτεία,

143 1302 296 1411 Αἰσχίνη·
321 1324 445 1411 ταύτην
456 1323 518 1410 τὴν
535 1323 653 1411 φωνην
670 1320 832 1402 ἐκεινος’
811 1329 938 1411 αφῆκε,
958 1321 1100 1401 πολλοὺς

111 1467 121 1487 .
141 1425 198 1491 καὶ
208 1432 345 1506 θρασεῖς
360 1449 400 1490 τοι
418 1421 482 1506 πρὸ
500 1422 631 1490 τούτων
648 1429 688 1510 τῇ
706 1421 1098 1543 πόλειέπαιρρμενοςλό-

27 1506 35 1532 ¹
140 1548 232 1650 γορς.
263 1518 338 1590 ἄνθ’
360 1548 408 1589 ων
424 1526 560 1600 δικαίως
580 1518 874 1607 ἐστεφανούμην“
854 1519 922 1590 υπδ
945 1523 1097 1606 τουτωνί,

141 1623 199 1690 καὶ
213 1620 256 1690 οὐ
273 1618 391 1705 παρών
410 1619 473 1691 οὐκ
490 1617 698 1707 ἀντέλεγες,
684 1647 702 1689 ο
715 1621 750 1688 δὲ
760 1621 976 1706 γραψάμενος
987 1620 1097 1692 Διων-

142 1717 250 1800 δας
216 1747 253 1789 το
277 1725 388 1806 μέρος
393 1729 462 1789 των
484 1721 609 1812 ψήφων
628 1717 690 1807 οὐκ
702 1727 829 1808 ἐλαβεν.
863 1728 935 1791 Καί
952 1749 1011 1842 μοι
1027 1723 1096 1807 λέγε

139 1827 243 1886 ταῦτα
264 1817 304 1886 τὰ
327 1826 521 1906 ψηφισματα
532 1846 573 1886 τα
584 1845 658 1887 τοτε
672 1816 764 1905 μὲν
745 1835 1024 1907 αποπεφευγοτα
1035 1817 1095 1888 ὑπὸ

138 1913 305 1983 τούτουδ’
318 1915 588 2003 οὐδέγραφέντα.

471 2075 768 2138 ΨΗΦΙΣΜΑΤΑ.

69 2210 129 2288 '223
224 2197 327 2266 Ταυτὶ
338 2195 378 2265 τὰ
394 2196 586 2286 ψηφίσματ’,
599 2192 628 2268 ω’
637 2198 948 2292 ἅνδρεςἏθηναίοι,
966 2205 1026 2285 τοῖς
1036 2201 1093 2272 αὐ·

136 2296 195 2380 τοὶς
212 2297 381 2387 συλλαβὰς
403 2301 457 2368 καὶ
468 2296 572 2368 ταύτοὶ
595 2299 710 2388 ῥήματ’
727 2307 791 2387 ἔχει
819 2300 905 2390 ἅπερ
931 2304 1093 2392 πρότερον

138 2401 200 2486 μὲν
207 2397 446 2487 Ἀριστόνικος,
464 2408 530 2468 νῦν
547 2400 583 2469 δὲ
592 2406 776 2488 Κτησιφῶν
793 2408 962 2490 γέγραφεν
974 2402 1091 2491 οὑτοσί

138 2505 194 2570 καὶ
202 2499 290 2569 ταῦτ’
304 2508 460 2588 Αἰσχίνης
471 2499 541 2570 οὔτ’
556 2505 689 2581 ἐδίωξεν
708 2497 808 2580 αὐτὸς
818 2501 895 2570 οὔτε
906 2511 954 2590 τῷ
964 2517 1092 2589 γραψα-

138 2608 227 2690 μένην
250 2601 550 2687 συγκατηγόρησεν.
589 2607 696 2670 καίτοι
716 2599 790 2670 τότε
810 2600 871 2669 τὸν
891 2606 1093 2690 Δημομέλην

137 2697 200 2766 τόν
209 2708 313 2767 ταῦτα
324 2702 499 2786 γράφοντα
509 2703 565 2768 καὶ
575 2699 635 2769 τὸν
648 2698 854 2788 Ὑπερείδην,
878 2711 972 2786 είπερ
985 2701 1093 2790 ἀληθῆ

139 2823 204 2882 μου
215 2807 281 2866 νῦν
291 2814 481 2885 κατηγορεῖ,
504 2808 631 2884 μᾶλλον
650 2795 693 2868 δν
712 2795 878 2887 είκότωςῆ
889 2801 985 2869 τόνδ’
1002 2807 1093 2870 ἐδίω-

75 2914 130 2968 224
138 2923 205 2965 κεν.
222 2897 277 2966 διὰ
291 2906 324 2966 τί
328 2929 336 2980 ;
358 2897 409 2965 ὅτι
423 2903 506 2987 τῷδε
517 2902 578 2984 μὲν
595 2898 657 2966 ἔστ’
669 2896 861 2984 ἀνενεγκεῖν
877 2897 931 2965 ἐπ’
948 2902 1094 2979 ἐκείνους

102 3027 111 3042 ’
137 2999 193 3067 καὶ
203 2995 261 3075 τὰς
271 3001 340 3063 τῶν
351 3000 570 3083 δικαστηρίων
587 2997 726 3082 γνώσεις
735 2999 790 3065 καὶ
806 2993 843 3064 τὸ
855 3004 980 3065 τοῦτον
992 2997 1105 3069 αὐτόν.

138 3095 273 3164 ἐκείνων
284 3095 329 3181 μὴ
337 3102 597 3223 κατηγορηκέναι
607 3093 711 3164 ταύτδ
721 3096 926 3264 γραψάντων
937 3095 1024 3184 ὅπερ
1035 3088 1138 3167 οὗ-ίθδ

137 3221 194 3274 τος
205 3198 291 3279 νυνι,
304 3197 358 3263 καὶ
370 3194 408 3262 τό.
418 3194 497 3276 τοδς
507 3197 632 3282 νόμους
643 3195 755 3325 μηκέτ’
770 3201 829 3265 ἐοῖν
840 3200 997 3282 περὶτῶν
1009 3197 1094 3266 οὕτω

139 3297 359 3416 πραχθεντων
379 3311 591 3383 κατηγορεῖν,
626 3299 680 3364 και
697 3295 841 3365 πολλα”
823 3325 933 3383 ετερα
971 3326 1045 3367 τοτε
1064 3296 1092 3366 δ

139 3392 221 3462 αὐτὸ
233 3393 270 3461 τὸ
282 3391 407 3480 πρᾶγμ’
422 3389 466 3460 δν
478 3398 623 3478 ἐκρίνετο
637 3395 687 3482 ἐφ’
699 3394 804 3464 αυτοῦ
811 3405 914 3485 ,πρίν
925 3424 956 3467 τι
967 3398 1097 3468 τούτων
