2340 3894
206 213 335 276 ΠΕΡΙ
344 254 347 260 ·
366 212 472 274 ΤΗΣ
498 208 948 273 ΠΑΡΑΠΡΕΣΒΕΙΑΣ.
992 209 1056 274 389

99 377 252 456 Φωκέας,
275 373 330 440 καλ
346 373 429 439 ἄλλα
445 369 498 437 έπὶ
512 375 571 455 τῆς
585 367 770 455 ἀποδημίας
779 367 885 440 πολλά
895 375 951 439 καὶ
961 369 1054 441 δεινά

97 474 336 559 εἰργασμένον,
347 466 582 554 προδεδωκότα
592 466 717 553 πάντα,
735 470 928 556 πεπρακότα
934 519 944 554 ,
963 475 1068 556 δῶρα·

96 576 232 655 ἔχοντα,
254 565 356 635 οὐδὲν
371 564 585 634 ἐλλελοιπότα
595 572 786 652 μοχθηρίας.
810 564 940 637 οὐκοῦν
948 565 1051 636 ταῦθ’

43 683 87 741 ,79
96 665 291 753 ὑπεσχόμην
301 669 339 734 έν
348 663 435 750 άρχῇ
441 715 450 746 ,
470 661 564 733 ταῦτ’
579 665 734 742 ἐπέδειξα.
767 661 867 749 δρᾶτε
886 673 1002 734 τοίνυν
1013 667 1056 737 τά

96 769 180 854 μετά
196 773 315 833 ταῦτα·
335 761 462 841 ἁπλοῦς
477 762 543 849 γάρ
560 760 636 830 ἐσθ’
654 759 672 828 ὁ
690 763 927 848 μέλλων-λόγος
939 760 1071 834 οὑτοσλ·

96 860 364 950 πρὸςδμάςῆδη.
398 859 592 947 ὀμωμόκατε
603 869 800 946 ψηφιεῖσθαι
809 860 893 954 κατὰ
903 860 1053 943 τοδςυό-

96 988 183 1051 μους
193 966 248 1030 καλ
258 963 299 1030 τὰ
309 967 504 1048 ψηφίσματα
513 967 576 1027 τοῦ
586 959 696 1046 δήμου
707 963 763 1028 καὶ
780 968 1053 1048 τῆςβονλῆςτῶν

96 1068 342 1130 πεντακοσίων·
365 1067 517 1144 φαίνεται
535 1055 567 1124 δ’
587 1050 685 1136 οὗτος
696 1056 805 1124 πάντα
816 1056 973 1129 τάναντία
982 1073 1052 1140 τοῖς

96 1162 228 1247 νόμοις,
249 1173 318 1238 τοῖς
334 1167 541 1244 ψηφίσμασι,
557 1160 772 1243 τοτςδικαίοις
782 1160 1049 1244 πεπρεσβευκώς·

95 1257 226 1327 οὐκοῦν
236 1255 401 1343 ἡλωκέναι
411 1255 571 1340 προσήκει
581 1254 671 1335 παρά
682 1280 720 1338 γε
730 1263 816 1323 νοῦν
826 1260 938 1341 ἔχουσι
955 1262 1050 1326 δικα·

95 1371 195 1436 σταῖς.
230 1361 260 1424 εί
273 1356 338 1440 γὰρ
354 1353 436 1423 άλλο
453 1346 558 1440 μηδὲν
567 1349 687 1439 η’δίκει,
711 1351 773 1419 δύο
783 1362 851 1419 των
862 1359 1057 1441 πεπραγμί..

95 1483 169 1524 νων
179 1453 255 1525 ἔσθ’
269 1451 368 1523 ἱκανά
379 1451 485 1520 αὐτὸν
495 1449 700 1519 ἀποκτείναι·
725 1448 767 1518 οὐ
777 1451 843 1536 γάρ
853 1451 960 1537 μόνον
972 1459 1051 1521 Φω-

47 1557 189 1637 εοκέας,
214 1553 299 1622 ἀλλὰ
315 1554 370 1621 καλ
382 1552 519 1641 Θρηίκην
536 1552 727 1635 προδέδωκε
739 1555 900 1641 Φιλίτπφ.
943 1560 1052 1621 καίτοι

95 1652 159 1721 δύο
170 1655 435 1738 χρησιμωτέρους
444 1649 568 1728 τόπους
577 1655 636 1734 τῆς
645 1652 842 1736 οἰκουμένης
851 1647 927 1717 οὐδ’
946 1646 989 1718 άν
1004 1647 1052 1731 είς

93 1754 251 1830 ἐπιδείξαι
260 1758 301 1838 τῇ
311 1749 421 1834 πόλει,
433 1746 516 1816 κατὰ
527 1747 589 1834 μὲν
599 1755 665 1833 γῆν
675 1754 816 1832 Πυλῶν,
836 1751 872 1815 έκ
882 1749 1052 1836 θαλάττης

78 1849 133 1916 ’δὲ
144 1846 472 1933 τοῦἙλλησπόντου·
494 1844 763 1931 άσυναμφότερα
773 1838 868 1914 οὗτοι
879 1848 1051 1928 πεπράκα-

94 1970 151 2016 σιν
170 1953 312 2032 αίσχρως
332 1944 486 2015 τάλανθ’
511 1942 609 2031 ὑμῶν
630 1947 863 2031 ἐγκεχειρίκασι
885 1951 1048 2037 Φιλίππω.

93 2052 195 2115 τοῦτο
205 2053 323 2115 τοίνυν
340 2043 422 2131 αὐτὸ
434 2046 516 2113 ἄνευ
524 2052 596 2113 των
604 2042 715 2111 ἄλλων
725 2040 842 2130 ἡλίκον
852 2041 918 2112 ἔστ’
932 2043 1051 2133 ἀδίκη-

92 2143 206 2231 μα,τὸ
220 2145 356 2233 Θρηίκην
367 2140 472 2211 καὶτὰ
482 2149 570 2228 τείχη
580 2145 761 2228 προέσθαι,
772 2141 864 2229 μυρί’
877 2140 921 2210 άν
934 2155 983 2232 εἴη
994 2148 1050 2213 λέ-

92 2268 167 2328 γειν
183 2245 239 2312 καὶ
256 2240 331 2311 ὅσοι
349 2239 403 2309 διὰ
422 2237 519 2308 ταῦτ’
536 2237 729 2308 ἀπολώλασι
746 2241 824 2324 παρ’
844 2239 943 2328 ὑμῖν,
965 2249 999 2310 ολ
1012 2243 1110 2315 mon

92 2341 241 2428 χρήματα
252 2337 419 2427 πάμπολλ’
432 2337 636 2425 ὠφλήκασιν,
646 2335 690 2404 οὐ
700 2337 845 2423 χαλεπὸν
856 2338 1049 2428 δειξαι,Ἐρ-

92 2440 247 2527 γόφιλος,
269 2438 514 2527 Κηφισόδοτος,
542 2437 744 2523 Τιμόμαχος,
765 2434 802 2505 τὸ
815 2441 959 2510 παλαιόν
969 2465 1049 2508 ποτε

89 2526 281 2625 Ἐργοκλῆς,
293 2536 488 2622 Διονύσιος,
501 2535 610 2621 ἄλλοι,
624 2531 683 2614 οδς
693 2532 809 2622 ὀλίγου
822 2542 886 2606 δέω
898 2539 1048 2624 σύμπαν-

48 2652 81 2708 81
92 2662 152 2717 τας
163 2643 265 2705 εἰπεῖν
277 2634 399 2703 ἐλάττω
410 2634 472 2722 την
482 2636 580 2704 πόλιν
589 2638 797 2721 βεβλαφέναι
808 2637 938 2704 τούτου.
971 2633 1046 2706 ἀλλ’

91 2741 139 2803 ἔτι
148 2735 211 2820 γὰρ
223 2736 307 2819 τότε,
320 2728 347 2805 ά
358 2733 477 2818 ἄνδρες
484 2733 669 2820 Ἀθηναῖοι,
684 2738 720 2805 ἐκ
732 2744 893 2821 λογισμοῦ
903 2734 943 2804 τά
955 2734 1047 2805 δεινά

90 2831 315 2917 ἐφυλάττεσθ’
328 2831 422 2919 ὑμεῖς
432 2837 485 2901 καὶ
496 2841 735 2918 προεωρᾶσθε·
750 2842 816 2903 νῦν
832 2833 864 2913 δ’
876 2833 898 2903 δ’
908 2861 939 2903 τι
948 2831 992 2903 άν
1002 2834 1047 2922 μη

89 2927 176 3000 καθ’
187 2928 314 3016 ἡμέραν
324 2928 411 3015 ὑμᾶς
421 2935 539 3020 ἐνοχλῇ
550 2935 606 3001 καλ
620 2932 729 3019 παρὸν
740 2934 845 3020 λυπῇ,
869 2941 1046 3020 παρορᾶτε,
1107 2932 1112 2937 ’

91 3027 162 3097 εἶτα
173 3025 236 3113 τὴν
246 3025 354 3106 άλλως
365 3030 512 3095 ἐνταῦθα
523 3037 727 3114 ψηφίζεσθε,
751 3028 1047 3100 ἅποδοΰναιδὲκαλ

90 3127 329 3214 Κερσοβλέπτῃ
340 3130 506 3193 Φίλιππον
522 3123 603 3207 τούς
620 3127 759 3214 ὅρκους,
782 3125 826 3216 μὴ
842 3131 988 3223 μετέχειν
1011 3128 1048 3197 δὲ

90 3231 160 3293 τῶν
177 3226 215 3293 έν
228 3221 479 3309 Ἀμφικτύοσιν,
503 3225 810 3312 ἐπανορθώσασθαι
827 3224 941 3313 δὲτὴν
957 3224 1047 3312 εἰρή-

91 3348 164 3410 νην.
198 3329 304 3392 καίτοι
314 3322 593 3404 τούτωνούδενὸς
604 3322 647 3393 άν
658 3333 726 3394 τάν
736 3323 958 3412 ψηφισμάτων
968 3327 1044 3411 ἔδει,

89 3427 122 3490 ελ
136 3430 231 3490 πλεῖν
248 3413 346 3501 οὗτος
364 3420 469 3508 ἤθελε
482 3415 540 3494 ’καλ
555 3422 596 3494 τά
614 3425 826 3513 προσήκοντα
837 3436 958 3574 ἔμμεν·
979 3430 1046 3491 νῦν
