2340 3894
117 195 159 259 ω
311 200 369 258 vn.
406 196 859 276 ιπειωοῑοεαουε]

43 422 46 437 ,
94 357 192 438 περὶ
213 348 263 424 όν
283 353 347 425 ούιι
364 355 548 444 ήκούσατε,
571 359 647 440 περὶ
666 358 796 426 τούτων
813 356 1079 443 ἀποκρινάμενοι

75 455 179 542 θοτήν
196 454 334 540 γνοόμην
351 451 568 523 ἀπεστείλατε.
601 457 656 524 καί
672 460 707 524 οἰ
721 457 784 543 μὲν
799 459 952 543 πρέσβεις
967 453 1076 542 αὐτοὶ,

119 547 169 622 τόν
186 554 404 634 κατεψεύδετο
419 552 458 622 τδ
475 554 644 640 ψήφισμα,
666 553 717 623 ὅτ’
730 554 951 641 ἀπεκρίνεσθε
961 553 1078 633 αὐτοῖς

117 650 423 738 ἀναγιγνώσκοντες
433 653 488 719 καί
504 652 558 719 έπί
574 654 665 730 ξένια
682 649 806 733 αύτούς
826 656 989 737 ἐκαλεῖτε,
1011 652 1076 721 ούκ

54 764 62 770 ’
118 752 507 838 έτόλμησαυπαρελθεϊν,
530 747 606 816 οὐδ’
619 756 724 818 εἰπεῖν
734 749 809 819 ὅτι“
817 753 1073 832 καταψεύδεσθε

119 850 231 939 ἡμων,
254 843 281 918 τό
298 849 418 933 ἀνδρες
431 847 616 934 Ἀθηναῖοι,
639 850 694 916 καὶ
710 848 794 936 φατὲ
810 847 895 935 ήμιῖς
907 853 1076 936 εἰρηκέναι

120 947 215 1018 ἀόἀκ
227 949 437 1045 εἰρήκαμεν,“
450 944 538 1015 ἀλλά
546 955 655 1035 σιωπῇ
665 946 820 1026 ἀπιόντες
831 949 967 1039 ᾤχοντο.
989 949 1076 1035 βού-

119 1057 218 1134 λομαι
236 1044 268 1114 δ’
286 1043 390 1132 ὑμᾶς,
414 1039 441 1114 ὦ
458 1045 578 1131 ἀνδρες
589 1043 762 1132 Ἀθηναῖοι
779 1050 848 1134 (καί
859 1049 923 1133 γὰρ
934 1046 1076 1135 ηύδοκύ·

119 1166 225 1233 μησεν
245 1143 405 1213 ὁΠύθων
427 1141 505 1229 παρ’
525 1141 605 1229 ὑμῖν
625 1148 660 1211 ἐν
677 1154 718 1232 τῇ
734 1150 938 1234 δημηγορίᾳ,
959 1142 978 1214 ὁ
998 1145 1074 1216 τότε

120 1242 328 1331 πρεσβεύων)
342 1239 465 1321 αύτούς
474 1238 553 1320 τούς
564 1243 700 1327 λόγους,
712 1237 770 1321 ούς
780 1249 906 1328 ἔλεγεν,
919 1241 1075 1329 ὑπομνῆ-

76 1347 111 1419 21
120 1363 189 1411 σαι·
214 1343 287 1411 οἰδα
298 1343 362 1428 γάρ
374 1340 424 1411 ὅτι
433 1344 611 1428 μέμνησθε.
643 1340 866 1427 παραπλήσιοι
877 1338 908 1408 δ’
927 1333 1014 1426 ἦσαν
1025 1337 1075 1420 οἱς

120 1445 175 1513 καί
193 1450 259 1511 νύν
276 1444 451 1510 ἐπέσταλκε
463 1448 639 1518 Φίλιππος·
662 1443 811 1524 ἐγκαλεῖν
826 1438 891 1524 γάρ
908 1438 990 1527 ήμίν
1006 1455 1075 1518 τοῖς

121 1541 337 1628 διαβάλλουσι
347 1541 408 1607 τόν
418 1546 598 1623 Φίλιππον,
617 1539 674 1606 καί
683 1536 761 1625 ὑμῖν
772 1542 931 1624 ἐμέμφετο
944 1538 995 1607 ὅτι
1006 1537 1075 1626 ἀρε·

120 1638 264 1726 μηαότος
280 1635 386 1706 αὐτοῦ
402 1629 442 1705 εύ
458 1651 564 1705 ποιεῖν
579 1634 664 1722 ὑμᾶς
681 1639 736 1705 καί
753 1644 987 1726 προῃρημένου
1008 1640 1117 1723 μοί-81

121 1746 216 1808 λιστα
228 1745 296 1806 των
303 1734 470 1822 Ἑλλήνων
481 1741 599 1819 φίλους
608 1743 789 1819 κεκτῆσθαι
805 1733 899 1803 αύτοί
916 1736 1074 1823 κωλύετε,

121 1837 360 1924 ἀποδεχόμενοι
370 1841 438 1902 τῶν
449 1833 755 1917 συκοφαντούντων
765 1838 820 1901 καί
830 1834 979 1919 χρήματα
989 1837 1076 1902 ἐκεῖ·

121 1963 184 2003 νον
195 1935 378 2003 αἰτούντων
388 1935 443 2000 καὶ
455 1932 718 2018 διαβαλλόντων·
737 1932 814 2010 τούς
825 1929 890 2018 γάρ
901 1932 1075 2011 τοιούτους

121 2029 341 2118 λόγους,ὁ’ταν
351 2028 627 2116 ἀπαγγελλόντων
635 2027 928 2118 ἀκούη,ότικαπως
936 2029 1073 2118 ήκουευ,

40 2123 45 2135 ’
121 2129 212 2218 ὑμεῖς
223 2127 254 2196 δ’
270 2127 487 2215 ἀπεδέχεσθε,
509 2128 726 2215 μεταβάλλειν
737 2126 842 2196 αύτοά
851 2127 913 2215 τήν
924 2129 1073 2216 γυόμην,

122 2228 203 2297 ὅταν
218 2227 354 2306 ἀπιστος
372 2233 528 2313 φαίνηται
543 2228 673 2306 τούτοις
685 2218 734 2294 ὦν
744 2227 928 2314 προῄρηται
939 2226 1075 2314 εύεργέ·
1112 2264 1117 2271 ·

78 2339 112 2392 22
120 2354 177 2414 της
187 2325 280 2395 εἰναι.
313 2327 463 2394 ἐκέλευεν
481 2318 544 2395 ούν
560 2325 639 2405 τούς
656 2329 811 2410 λέγοντας
821 2329 858 2393 ἐν
868 2334 915 2414 τῷ
927 2325 1022 2414 δήμω
1033 2329 1075 2412 ’τῇ
1113 2340 1118 2349 ’

121 2425 182 2513 μὲν
199 2423 314 2512 εἰρήνη
331 2422 375 2512 μή
393 2427 560 2511 ἐπιτιμᾶν·
583 2423 624 2492 ού
641 2424 705 2510 γὰρ
722 2424 817 2504 ἀξιον
835 2423 919 2492 εἶναι
936 2425 1075 2510 εἰρήνην

121 2525 230 2594 λύειν·
249 2529 280 2591 εἰ
289 2527 365 2590 δέτι
374 2521 419 2609 μή
431 2529 539 2600 καλῶς
549 2524 729 2607 γέγραπται
738 2525 776 2589 ἐν
785 2529 826 2609 τῇ
837 2521 966 2609 εἰρήνη,
978 2517 1071 2588 τοῦτ’

121 2618 442 2704 ἐπανορθώσασθαι,
475 2615 519 2697 ὥς
540 2618 669 2687 ἅπαντα
693 2615 859 2687 Φίλιππον
884 2616 1072 2704 ποιήσοντα

122 2716 175 2787 ὅσ’
188 2712 231 2784 ἀν
242 2715 336 2802 ύμείς
346 2721 548 2803 ψηφίσησθε.
572 2714 615 2784 ἀν
626 2716 662 2784 δὲ
672 2717 872 2804 διαβάλλωσι
882 2720 958 2804 μὲν,
977 2719 1075 2785 αύτοί

121 2819 157 2885 δὲ
165 2816 268 2902 μηδὲν
278 2815 433 2901 γράφωσι
444 2813 490 2883 δι’
502 2807 545 2883 ού
552 2812 573 2901 ἡ
586 2817 646 2901 μέν
658 2816 771 2902 εἰρήνη
783 2821 887 2898 ἔσται,
912 2816 1075 2882 παύσεται

123 2912 155 2983 δ’
173 2911 414 2999 ἀπιστούμενος
427 2910 445 2980 ὁ
458 2919 637 3001 Φίλιππος,
660 2913 704 3001 μή
723 2916 896 2999 προσέχειν
910 2912 970 2981 τόν
986 2920 1075 2980 νοῦν

80 3018 189 3090 λδτοῖς
204 3009 367 3090 τοιούτοις
384 3009 586 3094 ἀνθρώποις.
619 3014 675 3079 καί
695 3010 834 3088 τούτους
853 3008 933 3088 τούς
952 3009 1076 3095 λόγους

122 3107 215 3196 ύμείς
233 3105 412 3188 ἀκούοντες
433 3108 650 3196 ἀπεδέχεσθε,
681 3110 737 3177 καί
761 3112 870 3176 δίκαια
891 3113 992 3192 έφατε
1012 3106 1076 3176 τόν

121 3208 274 3276 Πύθωνα
285 3211 400 3292 λέγειν.
429 3209 484 3276 καί
493 3200 536 3293 ήν
547 3214 665 3277 δίκαια.
697 3212 787 3291 έλεγε
798 3203 834 3273 δὲ
844 3206 986 3285 τούτους
995 3209 1078 3284 τούς

122 3305 243 3392 λόγους
253 3303 417 3390 οὐχὸπως
427 3313 546 3392 λυθείη
559 3310 595 3375 ἐκ
611 3315 669 3393 της
687 3305 835 3393 εἰρήνης,
858 3301 881 3370 ἀ
897 3296 941 3388 ἦν
958 3307 1078 3394 ἐκείνῳ

123 3407 336 3496 συμφέροντα
348 3404 402 3472 καί
413 3396 463 3472 όν
473 3405 580 3474 πολλὰ
590 3405 738 3492 χρήματα
750 3400 914 3488 ἀνηλώκει
925 3401 1009 3471 ὥστε
1018 3427 1081 3488 γε·

655 3539 661 3573 δ
