2340 3894
438 188 667 268 PRAEFATIO.
1023 202 1060 245 ιι

55 355 295 429 numerationis,
314 354 444 426 Dionysii
458 354 732 426 Halicarnasseusis,
748 356 948 428 Hermogenis,
963 356 1065 413 Aristi·

55 440 114 507 dis,
147 453 292 494 consensu
322 437 530 493 confirmantur.
576 439 670 506 Quare
692 455 751 495 non
775 438 901 496 dubitavi
921 438 959 494 ad
977 438 1063 510 hujm

54 523 232 596 potissimum
247 521 356 577 codicis
378 522 569 576 auctoritatem
584 523 704 577 oratoris
721 524 808 578 verba
824 523 937 594 exigere
958 522 986 577 irr
999 522 1064 578 edi·

55 607 177 662 tionibus
199 603 355 661 Oxoniensi
374 605 620 676 lipsiensibusque
643 605 752 662 duabus
768 606 946 673 novissimis,
970 613 998 660 et
1019 623 1064 662 se-

57 689 166 744 veriore
190 688 305 758 quidem
332 689 397 758 lege
425 704 508 758 quam
528 689 557 743 iu
586 688 708 745 editione
730 689 867 759 lipsiensi
888 689 979 760 prima
999 697 1064 745 ante

55 771 105 829 hos
128 770 245 842 triginta
267 787 358 827 annos
385 772 522 827 feceram:
547 788 706 843 quanquam
731 770 890 827 carendum
919 774 953 825 ab
974 773 1065 829 altera

55 863 131 927 parte
155 855 257 909 fuitne
280 869 354 923 quae
371 853 436 909 huic
452 853 542 909 codici
564 853 636 910 fides
657 855 756 910 merito
769 855 887 911 habetur
905 856 933 909 in
949 855 1064 911 nimium

57 937 271 993 admirationem
286 942 417 993 verteret.
446 936 497 991 Est
518 939 591 992 enirn
611 939 741 994 vitiorum
763 939 837 994 adeo
855 955 911 993 non
931 939 1064 994 iuturunis

56 1028 83 1078 ut
96 1025 131 1078 ab
149 1027 278 1077 veterum
295 1021 415 1087 illorum,
431 1019 467 1074 de
483 1022 582 1091 quibus
596 1039 681 1094 supra
697 1022 834 1092 dicebam,
847 1022 932 1077 Attici
943 1037 1064 1092 apogra-

56 1104 174 1176 phorum
192 1103 339 1176 diligentia
359 1105 452 1159 multis
474 1103 608 1175 gradibus
629 1121 694 1160 esse
717 1111 840 1161 remotus
862 1105 989 1160 videatur
1012 1120 1064 1159 ne·

56 1204 107 1261 que
124 1188 163 1243 ad
178 1187 340 1244 Urbinatem
351 1186 482 1242 Isocratis
497 1192 526 1241 et
540 1189 645 1244 similes
661 1188 798 1261 quosdam
814 1189 931 1245 aliorum
942 1189 1062 1258 scripto-

57 1287 115 1326 rum
130 1264 248 1327 codices
263 1271 520 1341 praestantissimos
536 1274 694 1343 comparari
718 1273 821 1343 possit:
848 1271 882 1328 de
903 1288 958 1343 quo
978 1273 1063 1343 plane

56 1370 164 1409 mecum
187 1354 348 1409 consentire
369 1353 454 1408 video
476 1352 609 1409 Cobetum
630 1355 657 1409 in
678 1355 746 1410 Var.
760 1356 837 1410 lect.
852 1371 880 1425 p.
901 1359 945 1413 94.
991 1355 1063 1410 Nam

56 1444 253 1510 praeterquam
269 1437 346 1508 quod
361 1453 416 1492 non
433 1453 497 1492 raro
510 1437 685 1499 iisomnibus
696 1437 787 1492 modis
802 1439 838 1493 ab
851 1439 942 1494 scriba
955 1437 1063 1493 codicis

57 1527 97 1576 est
108 1527 260 1592 peceatum
275 1521 376 1591 quibus
393 1522 555 1591 quorumvis
572 1521 702 1577 codicum
720 1521 856 1588 librarios,
872 1522 944 1577 alios
961 1522 1063 1591 rarius,

56 1605 229 1676 frequentius
246 1604 327 1672 alios,
343 1604 441 1675 lapsos
454 1621 518 1659 esse
535 1604 675 1674 videmus,
693 1621 749 1659 uno
766 1603 886 1660 maxime
902 1620 1016 1676 genere,
1033 1605 1062 1659 in

56 1704 107 1760 quo
121 1687 262 1761 proclivis
278 1686 316 1742 ad
331 1703 454 1742 errorem
470 1688 517 1742 via
534 1695 591 1756 est,
607 1691 641 1744 ab
658 1689 721 1745 aliis
735 1689 864 1744 omnibus
878 1688 997 1744 oratoris
1013 1705 1062 1745 eo·

57 1771 166 1847 dleibus
188 1768 297 1838 differt,
314 1771 408 1826 verbis
427 1769 490 1825 dico
507 1771 619 1826 omissis
636 1771 719 1827 modo
738 1771 857 1842 singulis
874 1772 960 1825 modo
976 1772 1062 1841 pluri·

55 1855 104 1911 bus
120 1854 269 1924 deinceps.
300 1853 422 1919 Quorum
436 1870 469 1908 ca
484 1870 556 1925 quae
572 1872 628 1910 non
644 1854 743 1910 dubias
759 1861 859 1925 gerunt
873 1855 1062 1925 interpolatio·

56 1939 97 1993 nis
112 1944 196 1993 notas
213 1953 269 1991 non
283 1938 347 2008 plus
364 1937 467 1992 iaciunt
488 1938 591 2010 negotii
608 1954 689 2009 quam
712 1954 783 2009 quae
805 1940 884 1993 salvo
906 1955 992 1994 sensu
1013 1939 1062 1993 ab·

55 2035 116 2076 esse
134 2026 288 2091 nequeunt.
316 2019 389 2074 Nam
406 2026 435 2075 ut
451 2013 531 2087 haec,
547 2022 618 2093 quae
634 2023 779 2078 manifesta
793 2023 966 2093 negligentia
977 2021 1062 2076 libra·

56 2103 86 2158 rii
111 2103 297 2172 exciderunt,
324 2103 467 2159 servanda
483 2121 547 2161 esse
562 2111 651 2175 patet,
675 2106 712 2161 ita
737 2121 819 2161 uerno
843 2104 977 2161 dubitabit
994 2105 1063 2174 quin

57 2185 284 2258 interpolatorum
319 2185 509 2243 additamenta
540 2189 598 2245 tolli
625 2193 759 2259 oporteat.
802 2186 860 2244 Sed
881 2196 925 2244 est
950 2187 1062 2242 tertium

57 2270 198 2338 quoddam
225 2286 317 2343 genus
338 2271 512 2340 omissionis,
537 2288 609 2344 quae
635 2271 766 2327 adhibitis
794 2270 941 2327 rhetoricis
965 2285 1063 2340 gram·

55 2353 200 2409 matieisve
216 2353 415 2425 interpretandi
428 2354 552 2410 artificiis
564 2355 785 2429 commentisque
797 2355 891 2423 qualia
904 2354 933 2408 in
945 2351 1062 2408 Graecis

56 2437 158 2505 pariter
173 2443 257 2509 atque
268 2436 372 2492 Latinis
386 2438 566 2509 scriptoribus
587 2453 644 2491 non
662 2451 725 2491 raro
743 2436 897 2506 excogitari
918 2437 953 2491 ab
971 2435 1005 2491 iis
1022 2435 1061 2490 vi-

56 2517 170 2587 demus,
193 2521 240 2592 qui
256 2519 387 2576 codicum
401 2523 556 2577 auctoritati
577 2520 771 2591 superstitiose
787 2524 852 2574 sunt
872 2517 992 2587 addicti,
1013 2518 1064 2573 de·

55 2602 128 2657 tendi
144 2608 285 2675 utcunque
303 2608 330 2659 et
347 2605 475 2659 excusari
491 2621 554 2660 cum
566 2605 660 2675 speeie
677 2603 797 2675 quadarn
815 2603 938 2659 veritatis
960 2602 1061 2672 possit.

56 2680 219 2756 Cuiusmodi
233 2690 268 2743 ab
283 2687 387 2743 artibus
403 2688 560 2744 cavendum
576 2687 643 2743 mihi
659 2687 754 2759 putavi
771 2702 824 2741 nec
836 2685 1062 2747 committendum

56 2774 83 2823 ut
101 2771 333 2841 eloquentissimo
360 2773 463 2826 oratori
486 2772 577 2827 inians
604 2778 631 2826 et
652 2775 805 2827 contortum
827 2771 1004 2838 alienumque
1025 2770 1062 2825 ab

40 2852 207 2909 ‘Atticorum
218 2855 359 2926 elegantia
374 2855 538 2927 attingerem
553 2844 643 2927 genus
660 2854 772 2910 dicendi
787 2858 902 2926 propter
916 2852 999 2908 unius
1015 2868 1063 2906 co·

55 2933 124 2993 dicis
148 2939 357 3005 auctoritatem,
379 2955 451 3009 quae
473 2956 555 3011 quam
578 2939 663 2993 fallax
683 2939 719 2994 sit
741 2939 785 2993 vel
806 2953 844 2992 ex
865 2953 899 3012 po
919 2934 1062 2992 aestimari

52 3024 153 3089 potest,
170 3019 247 3092 quod
261 3037 318 3076 non
333 3020 480 3078 defuerunt
495 3024 542 3094 qui
558 3023 797 3093 aliquammultas,
814 3037 887 3093 quae
901 3020 992 3076 codici
1009 3020 1062 3077 Pa·

53 3102 139 3158 tisino
156 3101 185 3160 S.
201 3120 253 3176 per
270 3120 394 3161 errorem
410 3106 526 3162 tributae
542 3110 634 3173 erant,
651 3105 785 3160 lectiones
802 3105 875 3159 salsa
890 3105 1062 3160 auctoritatis
1113 3099 1115 3103 ’

53 3187 149 3257 specie
167 3186 279 3261 decepti
292 3204 345 3259 pro
360 3189 436 3244 veris
452 3191 698 3263 amplecterentur,
713 3188 867 3244 excusabili
883 3186 995 3259 quidem
1018 3205 1063 3243 er·

54 3282 132 3338 rore,
151 3270 205 3327 sed
219 3288 316 3329 errore
332 3277 434 3327 tamen.
464 3272 650 3340 Quamobrem
668 3271 906 3343 operaepretium
923 3272 975 3326 erit
989 3286 1063 3341 quae

56 3351 88 3407 de
108 3354 217 3411 codicis
237 3355 324 3429 hujus
348 3354 512 3413 lectionibus
529 3358 575 3411 vel
592 3371 647 3410 non
663 3359 796 3411 annotata
809 3357 855 3410 vel
871 3356 941 3410 salso
959 3352 1067 3409 tradita·

56 3443 115 3491 sunt
129 3439 275 3514 expressis
291 3437 387 3493 verbis
402 3438 515 3510 corrigi.
532 3438 614 3506 Quod
629 3440 666 3494 ita
688 3438 791 3493 iactam
809 3443 839 3493 ut
860 3436 974 3492 omissis
994 3448 1063 3507 qun·
