2340 3894
298 218 425 280 mm
445 217 857 300 Towmmor.
907 266 911 271 .
1007 221 1071 287 τεο

56 385 302 464 ιηςπρολαβεῑν.
326 376 393 445 ἀλλ’
407 376 469 445 οὐκ
480 371 540 463 ήν,
559 377 666 464 οἶμαι,
685 381 774 464 τότε,
792 378 813 448 ὃ
824 385 901 451 νυνί
913 397 1015 468 ποιεί,
1032 390 1070 454 ἐκ

110 485 265 546 παλαιῶν
274 479 408 564 χρόνων
418 480 472 545 καλ
489 479 713 562 ψηφισμάτων
729 489 864 550 πολλῶν
883 487 1066 568 ἐκλέξαντα,

108 574 132 644 ιλ
142 577 226 664 μήτε
238 576 377 665 προῄδει
389 577 501 662 μηδείς
511 574 582 661 μήτ’
591 572 634 642 άν
646 574 742 666 ηλήθη
755 579 897 665 τήμερον
910 583 1066 668 ῥηθῆναι,

109 675 319 762 διαβάλλειν,
341 676 395 742 καὶ
412 677 650 760 μετενεγκόντα
666 675 746 755 τούς
760 678 901 764 χρόνους
917 683 972 749 καί
984 706 1068 764 προ-

110 775 230 861 φάσεις
247 772 321 842 άντλ
337 781 406 840 τῶν
423 770 560 859 ἀληθῶν
580 779 713 856 ψευδείς
729 780 916 862 μεταθέντα
927 793 995 857 τοῖς
1007 801 1068 845 πε·

59 877 436 959 τεςπραγμένοιςδοκείν
444 899 475 939 τι
487 877 603 958 λέγειν.
634 873 696 941 οὐκ
711 866 755 960 ήν
766 877 839 943 τότε
850 884 971 962 ταῦτα,
996 873 1064 944 ἀλλ’

110 976 161 1042 έπλ
178 982 236 1058 τῆς
251 971 426 1058 ἀληθείας,
450 970 547 1057 ἐγγὺς
558 980 627 1039 τῶν
642 978 765 1058 ἔργων,
787 977 835 1040 ἔτι
846 977 1065 1060 μεμνημένων

108 1070 206 1158 ὑμῶν
226 1075 281 1140 καὶ
304 1071 410 1159 μόνον
422 1069 484 1138 οὐκ
507 1075 543 1138 ἐν
559 1085 629 1149 ταῖς
645 1076 759 1158 χερσίν
776 1074 895 1141 ἕκαστα
907 1074 1061 1161 ἐχόντων,

108 1171 230 1250 πάντες
242 1168 403 1256 ἐγίγνοντ’
417 1165 460 1237 άν
474 1174 509 1238 οί
525 1171 627 1255 λόγοι.
658 1171 773 1256 διόπερ
790 1170 869 1250 τούς
888 1171 962 1256 παρ’
975 1171 1062 1241 αὐτά

106 1270 145 1337 τά
157 1266 320 1356 πράγματ’
332 1271 485 1354 ἐλέγχους
496 1265 616 1353 φυγάν
628 1277 693 1335 νῦν
704 1267 792 1355 ἥκει,
811 1269 962 1356 ρητόρων
972 1271 1063 1357 άγοί-

106 1395 148 1435 να
158 1373 312 1454 νομίζων,
325 1365 406 1452 άςχί
420 1370 491 1454 έμολ
504 1371 609 1452 δοκεῖ,
631 1369 686 1434 καὶ
697 1364 770 1451 οόχλ
780 1366 850 1434 τῶν
866 1378 1062 1437 πεπολιτευ-

104 1474 217 1552 μένων
229 1464 375 1549 έξέτασιν
386 1466 536 1554 ποιήσειν
548 1464 651 1552 ὑμεῖς,
668 1469 724 1534 καί
735 1466 837 1550 λόγου
848 1473 974 1553 κρίσιν,
988 1467 1061 1555 οὐχλ

56 1571 58 1579 ’
103 1574 165 1634 τοῦ
176 1575 218 1656 τή
229 1567 323 1636 πόλει
335 1569 564 1654 συμφέροντος
574 1571 718 1634 ἔσεσθαι.

56 1680 97 1739 λλλ
189 1663 272 1734 Είτα
283 1671 459 1752 σοφίζεται,
473 1668 528 1733 καὶ
540 1667 622 1752 φησί
633 1664 832 1751 προσήκειν,
844 1658 884 1751 ής
895 1666 956 1750 μὲν
967 1675 1060 1733 οἴκο-

103 1773 169 1833 θεν
179 1762 270 1850 ἥκετ*
285 1771 414 1850 ἔχοντες
431 1764 528 1850 δόξης
542 1765 619 1851 περὶ
634 1762 730 1849 ἡμῶν
747 1761 923 1850 ἰἰμελήσαι,
946 1762 1060 1849 ὥσπερ
1091 1792 1100 1813 ·

104 1861 148 1950 δ’,
161 1861 246 1932 ὅταν
259 1863 405 1949 οἰόμενοι
415 1877 576 1947 περιεῖναι
586 1861 735 1949 χρήματά
746 1889 791 1952 τῳ
803 1869 996 1949 λογίζησθε,
1015 1861 1060 1933 άν

103 1965 251 2051 καθαραί
264 1955 345 2029 ὦσιν
355 1967 393 2029 αί
402 1969 509 2049 ψῆφοι
524 1965 579 2031 καλ
589 1963 692 2049 μηδὲν
710 1971 824 2051 περιῇ,
849 1980 1057 2051 συγχωρεῖτε,

104 2060 194 2129 οὕτω
206 2063 262 2130 καλ
278 2071 344 2129 νῦν
353 2077 421 2142 τοίς
432 2066 467 2131 έκ
479 2071 540 2132 τοῦ
557 2063 661 2148 λόγου
679 2068 892 2150 φαινομένοις
910 2068 1059 2150 προσθέ-

104 2171 194 2230 σθαι.
227 2164 402 2230 θεάσασθε
414 2170 529 2229 τοίνυν
548 2160 592 2241 ὡς
608 2161 757 2249 σαθρόν,
782 2161 826 2240 ὡς
844 2169 966 2246 έοικεν,
990 2171 1058 2232 ἔστι

56 2253 645 2348 θθφύσειπάνότιάνμήδικαίωςῇ
663 2262 906 2346 πεπραγμένον.
940 2265 975 2328 ἐκ
991 2261 1056 2344 γάρ
1088 2312 1094 2322 .

102 2356 211 2426 αὐτοῦ
229 2367 290 2425 τοῦ
308 2367 419 2443 σοφοῦ
435 2360 558 2427 τούτου
581 2366 842 2445 παραδείγματος
865 2355 1056 2442 ὡμολόγηκε

101 2455 222 2543 νῦν·γ’
242 2454 329 2543 ἡμᾶς
352 2454 513 2543 ὑπάρχειν
536 2460 765 2542 ἐγνωσμένους
787 2457 842 2542 ἐμὲ
864 2456 935 2541 μὲνΙ
949 2459 1057 2541 λέγειν

102 2553 188 2642 ὑπὲρ
199 2564 258 2643 τῆς
269 2563 441 2642 πατρίδος,
464 2555 568 2624 αὐτὸν
585 2552 616 2622 δ’
628 2553 713 2640 ὑπὲρ
731 2561 915 2622 Φιλίππου·
939 2552 1055 2639 οάγάρ

102 2653 145 2723 ἂν
167 2663 380 2742 μεταπείθειν
402 2654 488 2742 ὑμᾶς
508 2653 611 2742 ἐζήτει
632 2650 676 2740 μή
699 2651 853 2738 τοιαύτης
879 2649 981 2737 οὔσης
999 2660 1117 2738 τῆςςοη

56 2770 94 2829 129
101 2751 317 2843 ὑπαρχούσης
327 2751 522 2841 ὑπολήψεως
532 2756 607 2838 περὶ
620 2755 785 2839 ἑκατέρου.
814 2754 868 2820 καὶ
881 2750 946 2839 μήν
958 2750 1008 2820 ότι
1019 2779 1057 2837 γε

102 2851 145 2922 οὐ
156 2857 269 2922 δίκαια
285 2858 372 2939 λέγει
390 2856 594 2940 μεταθέσθαι
609 2854 735 2940 ταύτην
745 2850 812 2939 τήν
831 2850 932 2931 δόξαν
944 2850 1055 2937 άξιείν,

101 2950 167 3038 έγάι
180 2952 300 3033 διδάξω
313 2957 448 3040 ῥᾳδίως,
468 2950 509 3019 οὐ
526 2955 630 3030 τιθεὶς
640 2952 773 3038 ψήφους
791 2948 847 3034 (οὐ
858 2951 923 3036 γάρ
935 2948 1054 3018 έστινὸ

101 3058 172 3121 τῶν
182 3053 387 3139 πραγμάτων
399 3043 496 3129 οὗτος
507 3051 695 3137 λογισμός),
714 3048 781 3115 ἀλλ’
795 3048 1055 3135 ἀναμιμνήσκων

101 3153 225 3221 ἕκαστα
246 3155 283 3219 ἐν
302 3153 451 3239 βραχέσι,
475 3158 639 3234 λογισταῖς
660 3146 728 3232 ἅμα
749 3149 804 3213 καὶ
826 3148 967 3232 μάρτυσι
988 3160 1056 3224 τοίς

100 3249 288 3320 ἀκούουσιν
300 3247 379 3335 ὑμῖν
389 3249 566 3334 χριόμενος.
589 3243 608 3332 ἡ
621 3245 685 3331 γάρ
697 3242 755 3330 ἐμή
770 3251 931 3327 πολιτεία,
944 3237 984 3329 ἧς
995 3237 1056 3311 οὖ-

99 3378 156 3430 τος
167 3365 359 3438 κατηγορεί,
379 3348 452 3416 άντί
469 3349 529 3434 μὲν
541 3354 603 3414 τοῦ
618 3352 785 3432 Θηβαίους
795 3342 875 3430 μετὰ
889 3348 1065 3411 Φιλίππου.

56 3456 323 3538 δθσυυεμβαλείν
333 3454 379 3528 είς
388 3447 450 3536 τήν
460 3442 609 3534 χάραν,δ
621 3445 741 3523 πάντες
753 3439 948 3594 ᾡόντοὶσξθ
960 3437 1056 3526 ήμῶν
