<?xml version="1.0" encoding="UTF-8"?>
<!DOCTYPE html PUBLIC "-//W3C//DTD XHTML 1.0 Transitional//EN"
    "http://www.w3.org/TR/xhtml1/DTD/xhtml1-transitional.dtd">
<html xmlns="http://www.w3.org/1999/xhtml" xml:lang="en" lang="en">
 <head>
  <title>
</title>
<meta http-equiv="Content-Type" content="text/html;charset=utf-8" />
  <meta name='ocr-system' content='tesseract 3.04.00' />
  <meta name='ocr-capabilities' content='ocr_page ocr_carea ocr_par ocr_line ocrx_word'/>
</head>
<body>
  <div class='ocr_page' id='page_1' title='image "./orationesexrece03demogoog_0268.png"; bbox 0 0 2340 3894; ppageno 0'>
   <div class='ocr_carea' id='block_1_1' title="bbox 201 130 1035 271">
    <p class='ocr_par' dir='ltr' id='par_1_1' title="bbox 201 130 1035 271">
     <span class='ocr_line' id='line_1_1' title="bbox 201 130 1035 271; baseline 0.017 -40"><span class='ocrx_word' id='word_1_1' title='bbox 201 237 203 241; x_wconf 67' lang='grc'><strong><em>,</em></strong></span> <span class='ocrx_word' id='word_1_2' title='bbox 306 168 449 233; x_wconf 64' lang='lat' dir='ltr'><strong><em>ma</em></strong></span> <span class='ocrx_word' id='word_1_3' title='bbox 470 130 810 271; x_wconf 72' lang='grc' dir='ltr'><strong><em>οιΛιιιιιουα</em></strong></span> <span class='ocrx_word' id='word_1_4' title='bbox 966 177 1035 250; x_wconf 85' lang='grc' dir='ltr'><strong><em>,ιιι</em></strong></span> 
     </span>
    </p>
   </div>
   <div class='ocr_carea' id='block_1_2' title="bbox 22 328 1158 3487">
    <p class='ocr_par' dir='ltr' id='par_1_2' title="bbox 22 328 1158 3487">
     <span class='ocr_line' id='line_1_2' title="bbox 72 328 1035 427; baseline 0.009 -29"><span class='ocrx_word' id='word_1_5' title='bbox 72 328 157 410; x_wconf 78' lang='grc' dir='ltr'><strong><em>νούς</em></strong></span> <span class='ocrx_word' id='word_1_6' title='bbox 168 337 262 418; x_wconf 72' lang='grc' dir='ltr'><strong><em>ἔχητε</em></strong></span> <span class='ocrx_word' id='word_1_7' title='bbox 272 335 328 402; x_wconf 82' lang='grc' dir='ltr'><strong><em>καλ</em></strong></span> <span class='ocrx_word' id='word_1_8' title='bbox 338 339 407 401; x_wconf 75' lang='grc' dir='ltr'><strong><em>των</em></strong></span> <span class='ocrx_word' id='word_1_9' title='bbox 417 329 589 427; x_wconf 82' lang='grc' dir='ltr'><strong><em>κινδύνων</em></strong></span> <span class='ocrx_word' id='word_1_10' title='bbox 599 334 654 401; x_wconf 84' lang='grc' dir='ltr'><strong><em>καλ</em></strong></span> <span class='ocrx_word' id='word_1_11' title='bbox 664 343 733 402; x_wconf 79' lang='grc' dir='ltr'><strong><em>τοῖν</em></strong></span> <span class='ocrx_word' id='word_1_12' title='bbox 743 334 1035 425; x_wconf 84' lang='grc' dir='ltr'><strong><em>άναλωμάτοιν,άν</em></strong></span> 
     </span>
     <span class='ocr_line' id='line_1_3' title="bbox 72 427 1033 521; baseline 0.01 -27"><span class='ocrx_word' id='word_1_13' title='bbox 72 455 104 495; x_wconf 90' lang='grc' dir='ltr'><strong><em>τι</em></strong></span> <span class='ocrx_word' id='word_1_14' title='bbox 114 429 191 517; x_wconf 73' lang='grc' dir='ltr'><strong><em>δέη,</em></strong></span> <span class='ocrx_word' id='word_1_15' title='bbox 213 436 246 499; x_wconf 83' lang='grc' dir='ltr'><strong><em>εί</em></strong></span> <span class='ocrx_word' id='word_1_16' title='bbox 259 431 295 500; x_wconf 72' lang='grc' dir='ltr'><strong><em>δὲ</em></strong></span> <span class='ocrx_word' id='word_1_17' title='bbox 305 427 368 517; x_wconf 86' lang='grc' dir='ltr'><strong><em>μή,</em></strong></span> <span class='ocrx_word' id='word_1_18' title='bbox 384 430 528 516; x_wconf 82' lang='grc' dir='ltr'><strong><em>χρόνους</em></strong></span> <span class='ocrx_word' id='word_1_19' title='bbox 538 454 576 514; x_wconf 89' lang='grc' dir='ltr'><strong><em>γε</em></strong></span> <span class='ocrx_word' id='word_1_20' title='bbox 588 433 743 518; x_wconf 80' lang='grc' dir='ltr'><strong><em>ἐμποιῆτε</em></strong></span> <span class='ocrx_word' id='word_1_21' title='bbox 753 447 821 513; x_wconf 83' lang='grc' dir='ltr'><strong><em>τοῖς</em></strong></span> <span class='ocrx_word' id='word_1_22' title='bbox 831 436 1033 521; x_wconf 88' lang='grc' dir='ltr'><strong><em>πράγμασιν.</em></strong></span> 
     </span>
     <span class='ocr_line' id='line_1_4' title="bbox 29 527 1032 619; baseline 0.007 -25"><span class='ocrx_word' id='word_1_23' title='bbox 29 527 187 615; x_wconf 71' lang='grc' dir='ltr'><strong><em>τιέπειδή</em></strong></span> <span class='ocrx_word' id='word_1_24' title='bbox 203 527 271 613; x_wconf 90' lang='grc' dir='ltr'><strong><em>γάρ</em></strong></span> <span class='ocrx_word' id='word_1_25' title='bbox 281 530 356 597; x_wconf 81' lang='grc' dir='ltr'><strong><em>Ιἐστι</em></strong></span> <span class='ocrx_word' id='word_1_26' title='bbox 369 528 453 614; x_wconf 82' lang='grc' dir='ltr'><strong><em>πρὸς</em></strong></span> <span class='ocrx_word' id='word_1_27' title='bbox 471 529 578 612; x_wconf 89' lang='grc' dir='ltr'><strong><em>άνδρα</em></strong></span> <span class='ocrx_word' id='word_1_28' title='bbox 596 531 651 597; x_wconf 80' lang='grc' dir='ltr'><strong><em>καὶ</em></strong></span> <span class='ocrx_word' id='word_1_29' title='bbox 662 528 736 611; x_wconf 79' lang='grc' dir='ltr'><strong><em>οόγλ</em></strong></span> <span class='ocrx_word' id='word_1_30' title='bbox 747 533 958 619; x_wconf 68' lang='grc' dir='ltr'><strong><em>συνεστώσης</em></strong></span> <span class='ocrx_word' id='word_1_31' title='bbox 968 535 1032 602; x_wconf 92' lang='grc' dir='ltr'><strong><em>πό-</em></strong></span> 
     </span>
     <span class='ocr_line' id='line_1_5' title="bbox 70 625 1158 715; baseline 0.004 -19"><span class='ocrx_word' id='word_1_32' title='bbox 70 635 156 707; x_wconf 85' lang='grc' dir='ltr'><strong><em>λεως</em></strong></span> <span class='ocrx_word' id='word_1_33' title='bbox 171 625 272 713; x_wconf 77' lang='grc' dir='ltr'><strong><em>ίσηόν</em></strong></span> <span class='ocrx_word' id='word_1_34' title='bbox 288 626 477 714; x_wconf 83' lang='grc' dir='ltr'><strong><em>ὁπόλεμος,</em></strong></span> <span class='ocrx_word' id='word_1_35' title='bbox 500 626 579 695; x_wconf 79' lang='grc' dir='ltr'><strong><em>οὐδὲ</em></strong></span> <span class='ocrx_word' id='word_1_36' title='bbox 596 626 689 695; x_wconf 79' lang='grc' dir='ltr'><strong><em>τοῦτ’</em></strong></span> <span class='ocrx_word' id='word_1_37' title='bbox 708 627 888 715; x_wconf 73' lang='grc' dir='ltr'><strong><em>ἄχρηστον,</em></strong></span> <span class='ocrx_word' id='word_1_38' title='bbox 908 629 983 699; x_wconf 79' lang='grc' dir='ltr'><strong><em>οὐδ’</em></strong></span> <span class='ocrx_word' id='word_1_39' title='bbox 996 637 1034 700; x_wconf 88' lang='grc' dir='ltr'><strong><em>αί</em></strong></span> <span class='ocrx_word' id='word_1_40' title='bbox 1049 699 1052 706; x_wconf 83' lang='grc'><strong><em>,</em></strong></span> <span class='ocrx_word' id='word_1_41' title='bbox 1156 667 1158 670; x_wconf 46' lang='grc'><strong>&lt;</strong></span> 
     </span>
     <span class='ocr_line' id='line_1_6' title="bbox 72 725 1031 815; baseline 0.004 -21"><span class='ocrx_word' id='word_1_42' title='bbox 72 730 193 810; x_wconf 87' lang='grc' dir='ltr'><strong><em>πέρυσι</em></strong></span> <span class='ocrx_word' id='word_1_43' title='bbox 214 733 386 813; x_wconf 87' lang='grc' dir='ltr'><strong><em>πρεσβεῖαι</em></strong></span> <span class='ocrx_word' id='word_1_44' title='bbox 407 731 443 794; x_wconf 79' lang='grc' dir='ltr'><strong><em>αδ</em></strong></span> <span class='ocrx_word' id='word_1_45' title='bbox 461 728 535 811; x_wconf 80' lang='grc' dir='ltr'><strong><em>περὶ</em></strong></span> <span class='ocrx_word' id='word_1_46' title='bbox 550 725 613 813; x_wconf 83' lang='grc' dir='ltr'><strong><em>τήν</em></strong></span> <span class='ocrx_word' id='word_1_47' title='bbox 627 729 890 815; x_wconf 87' lang='grc' dir='ltr'><strong><em>Πελοπόννησον</em></strong></span> <span class='ocrx_word' id='word_1_48' title='bbox 909 733 1031 798; x_wconf 83' lang='grc' dir='ltr'><strong><em>ἐκεῖναι</em></strong></span> 
     </span>
     <span class='ocr_line' id='line_1_7' title="bbox 71 823 1030 914; baseline 0.002 -20"><span class='ocrx_word' id='word_1_49' title='bbox 71 827 127 894; x_wconf 75' lang='grc' dir='ltr'><strong><em>καλ</em></strong></span> <span class='ocrx_word' id='word_1_50' title='bbox 144 831 357 912; x_wconf 77' lang='grc' dir='ltr'><strong><em>κατηγορίαι,</em></strong></span> <span class='ocrx_word' id='word_1_51' title='bbox 378 823 418 905; x_wconf 81' lang='grc' dir='ltr'><strong><em>δίς</em></strong></span> <span class='ocrx_word' id='word_1_52' title='bbox 435 826 498 911; x_wconf 78' lang='grc' dir='ltr'><strong><em>ἐγώ</em></strong></span> <span class='ocrx_word' id='word_1_53' title='bbox 520 828 576 909; x_wconf 81' lang='grc' dir='ltr'><strong><em>καλ</em></strong></span> <span class='ocrx_word' id='word_1_54' title='bbox 592 826 805 906; x_wconf 79' lang='grc' dir='ltr'><strong><em>Πολύευκτος</em></strong></span> <span class='ocrx_word' id='word_1_55' title='bbox 825 824 844 896; x_wconf 86' lang='grc' dir='ltr'><strong><em>ό</em></strong></span> <span class='ocrx_word' id='word_1_56' title='bbox 863 831 1030 914; x_wconf 80' lang='grc' dir='ltr'><strong><em>βέλτιστος</em></strong></span> 
     </span>
     <span class='ocr_line' id='line_1_8' title="bbox 72 923 1029 1012; baseline 0.002 -20"><span class='ocrx_word' id='word_1_57' title='bbox 72 926 215 993; x_wconf 73' lang='grc' dir='ltr'><strong><em>ἐκεινοσί</em></strong></span> <span class='ocrx_word' id='word_1_58' title='bbox 224 928 280 994; x_wconf 80' lang='grc' dir='ltr'><strong><em>καὶ</em></strong></span> <span class='ocrx_word' id='word_1_59' title='bbox 286 923 490 1012; x_wconf 88' lang='grc' dir='ltr'><strong><em>Ἡγήσιππος</em></strong></span> <span class='ocrx_word' id='word_1_60' title='bbox 499 930 555 993; x_wconf 78' lang='grc' dir='ltr'><strong><em>καὶ</em></strong></span> <span class='ocrx_word' id='word_1_61' title='bbox 566 927 789 1011; x_wconf 81' lang='grc' dir='ltr'><strong><em>Κλειτόμαχος</em></strong></span> <span class='ocrx_word' id='word_1_62' title='bbox 804 927 860 994; x_wconf 81' lang='grc' dir='ltr'><strong><em>καὶ</em></strong></span> <span class='ocrx_word' id='word_1_63' title='bbox 870 934 1029 1011; x_wconf 81' lang='grc' dir='ltr'><strong><em>Λυκοῦρ-</em></strong></span> 
     </span>
     <span class='ocr_line' id='line_1_9' title="bbox 69 1023 1064 1113; baseline 0.003 -22"><span class='ocrx_word' id='word_1_64' title='bbox 69 1026 197 1110; x_wconf 80' lang='grc' dir='ltr'><strong><em>γοςκαί</em></strong></span> <span class='ocrx_word' id='word_1_65' title='bbox 209 1029 245 1093; x_wconf 78' lang='grc' dir='ltr'><strong><em>οἱ</em></strong></span> <span class='ocrx_word' id='word_1_66' title='bbox 252 1023 348 1092; x_wconf 80' lang='grc' dir='ltr'><strong><em>ἄλλοι</em></strong></span> <span class='ocrx_word' id='word_1_67' title='bbox 365 1028 517 1112; x_wconf 86' lang='grc' dir='ltr'><strong><em>πρέσβεις</em></strong></span> <span class='ocrx_word' id='word_1_68' title='bbox 533 1024 774 1112; x_wconf 78' lang='grc' dir='ltr'><strong><em>περιήλθομεν,</em></strong></span> <span class='ocrx_word' id='word_1_69' title='bbox 796 1030 852 1094; x_wconf 83' lang='grc' dir='ltr'><strong><em>καλ</em></strong></span> <span class='ocrx_word' id='word_1_70' title='bbox 871 1026 1029 1113; x_wconf 86' lang='grc' dir='ltr'><strong><em>ἐποιήσα-</em></strong></span> <span class='ocrx_word' id='word_1_71' title='bbox 1062 1059 1064 1063; x_wconf 49' lang='lat'><em>⁴</em></span> 
     </span>
     <span class='ocr_line' id='line_1_10' title="bbox 70 1121 1028 1211; baseline 0.003 -21"><span class='ocrx_word' id='word_1_72' title='bbox 70 1148 135 1209; x_wconf 87' lang='grc' dir='ltr'><strong><em>μεν</em></strong></span> <span class='ocrx_word' id='word_1_73' title='bbox 152 1126 296 1209; x_wconf 76' lang='grc' dir='ltr'><strong><em>ἐπισχεῖν</em></strong></span> <span class='ocrx_word' id='word_1_74' title='bbox 313 1126 442 1191; x_wconf 79' lang='grc' dir='ltr'><strong><em>ἐκεῖνον</em></strong></span> <span class='ocrx_word' id='word_1_75' title='bbox 458 1126 513 1192; x_wconf 82' lang='grc' dir='ltr'><strong><em>καλ</em></strong></span> <span class='ocrx_word' id='word_1_76' title='bbox 528 1121 605 1210; x_wconf 88' lang='grc' dir='ltr'><strong><em>μήτ’</em></strong></span> <span class='ocrx_word' id='word_1_77' title='bbox 624 1121 676 1192; x_wconf 77' lang='grc' dir='ltr'><strong><em>ἐπ’</em></strong></span> <span class='ocrx_word' id='word_1_78' title='bbox 692 1122 896 1211; x_wconf 81' lang='grc' dir='ltr'><strong><em>Ἀμβρακίαν</em></strong></span> <span class='ocrx_word' id='word_1_79' title='bbox 916 1129 1028 1194; x_wconf 76' lang='grc' dir='ltr'><strong><em>ἐλθεῖν</em></strong></span> 
     </span>
     <span class='ocr_line' id='line_1_11' title="bbox 29 1219 1028 1311; baseline -0.002 -17"><span class='ocrx_word' id='word_1_80' title='bbox 29 1240 61 1294; x_wconf 77' lang='lat'><strong><em>13</em></strong></span> <span class='ocrx_word' id='word_1_81' title='bbox 69 1219 148 1308; x_wconf 82' lang='grc' dir='ltr'><strong><em>μήτ’</em></strong></span> <span class='ocrx_word' id='word_1_82' title='bbox 167 1227 213 1309; x_wconf 77' lang='grc' dir='ltr'><strong><em>είς</em></strong></span> <span class='ocrx_word' id='word_1_83' title='bbox 222 1222 483 1308; x_wconf 88' lang='grc' dir='ltr'><strong><em>Πελοπόννησον</em></strong></span> <span class='ocrx_word' id='word_1_84' title='bbox 500 1219 653 1308; x_wconf 85' lang='grc' dir='ltr'><strong><em>ὁρμήσαι.</em></strong></span> <span class='ocrx_word' id='word_1_85' title='bbox 683 1221 724 1290; x_wconf 87' lang='grc' dir='ltr'><strong><em>οό</em></strong></span> <span class='ocrx_word' id='word_1_86' title='bbox 740 1228 853 1308; x_wconf 83' lang='grc' dir='ltr'><strong><em>μέντοι</em></strong></span> <span class='ocrx_word' id='word_1_87' title='bbox 869 1228 952 1308; x_wconf 82' lang='grc' dir='ltr'><strong><em>λέγω</em></strong></span> <span class='ocrx_word' id='word_1_88' title='bbox 963 1251 1028 1311; x_wconf 84' lang='grc' dir='ltr'><strong><em>μη-</em></strong></span> 
     </span>
     <span class='ocr_line' id='line_1_12' title="bbox 71 1317 1027 1409; baseline 0.003 -22"><span class='ocrx_word' id='word_1_89' title='bbox 71 1321 130 1389; x_wconf 72' lang='grc' dir='ltr'><strong><em>δὲν</em></strong></span> <span class='ocrx_word' id='word_1_90' title='bbox 148 1317 272 1399; x_wconf 75' lang='grc' dir='ltr'><strong><em>αὐτοὺς</em></strong></span> <span class='ocrx_word' id='word_1_91' title='bbox 290 1317 374 1404; x_wconf 80' lang='grc' dir='ltr'><strong><em>ὑπὲρ</em></strong></span> <span class='ocrx_word' id='word_1_92' title='bbox 394 1319 508 1388; x_wconf 76' lang='grc' dir='ltr'><strong><em>αὐτῶν</em></strong></span> <span class='ocrx_word' id='word_1_93' title='bbox 526 1319 711 1405; x_wconf 89' lang='grc' dir='ltr'><strong><em>άναγκαῖον</em></strong></span> <span class='ocrx_word' id='word_1_94' title='bbox 727 1324 904 1400; x_wconf 81' lang='grc' dir='ltr'><strong><em>ἐθέλοντας</em></strong></span> <span class='ocrx_word' id='word_1_95' title='bbox 921 1338 1027 1409; x_wconf 66' lang='grc' dir='ltr'><strong><em>ποιεῖν</em></strong></span> 
     </span>
     <span class='ocr_line' id='line_1_13' title="bbox 68 1417 1057 1507; baseline 0.001 -20"><span class='ocrx_word' id='word_1_96' title='bbox 68 1417 150 1497; x_wconf 76' lang='grc' dir='ltr'><strong><em>τοὺς</em></strong></span> <span class='ocrx_word' id='word_1_97' title='bbox 160 1418 283 1498; x_wconf 80' lang='grc' dir='ltr'><strong><em>ἄλλους</em></strong></span> <span class='ocrx_word' id='word_1_98' title='bbox 292 1428 512 1504; x_wconf 81' lang='grc' dir='ltr'><strong><em>παρακαλεῖν·</em></strong></span> <span class='ocrx_word' id='word_1_99' title='bbox 524 1421 579 1487; x_wconf 81' lang='grc' dir='ltr'><strong><em>καὶ</em></strong></span> <span class='ocrx_word' id='word_1_100' title='bbox 589 1418 655 1506; x_wconf 84' lang='grc' dir='ltr'><strong><em>γάρ</em></strong></span> <span class='ocrx_word' id='word_1_101' title='bbox 666 1419 787 1507; x_wconf 78' lang='grc' dir='ltr'><strong><em>εὔηθες</em></strong></span> <span class='ocrx_word' id='word_1_102' title='bbox 797 1418 837 1487; x_wconf 87' lang='grc' dir='ltr'><strong><em>τά</em></strong></span> <span class='ocrx_word' id='word_1_103' title='bbox 850 1425 953 1488; x_wconf 82' lang='grc' dir='ltr'><strong><em>οἰκεῖα</em></strong></span> <span class='ocrx_word' id='word_1_104' title='bbox 964 1419 1028 1488; x_wconf 85' lang='grc' dir='ltr'><strong><em>αό-</em></strong></span> <span class='ocrx_word' id='word_1_105' title='bbox 1055 1447 1057 1452; x_wconf 95' lang='grc'><strong><em>·</em></strong></span> 
     </span>
     <span class='ocr_line' id='line_1_14' title="bbox 67 1516 1025 1606; baseline -0.001 -20"><span class='ocrx_word' id='word_1_106' title='bbox 67 1516 149 1599; x_wconf 75' lang='grc' dir='ltr'><strong><em>τοὺς</em></strong></span> <span class='ocrx_word' id='word_1_107' title='bbox 165 1522 383 1606; x_wconf 74' lang='grc' dir='ltr'><strong><em>προϊεμένους</em></strong></span> <span class='ocrx_word' id='word_1_108' title='bbox 398 1525 467 1587; x_wconf 77' lang='grc' dir='ltr'><strong><em>τῶν</em></strong></span> <span class='ocrx_word' id='word_1_109' title='bbox 484 1517 668 1605; x_wconf 80' lang='grc' dir='ltr'><strong><em>ἀλλοτρίων</em></strong></span> <span class='ocrx_word' id='word_1_110' title='bbox 688 1519 832 1606; x_wconf 78' lang='grc' dir='ltr'><strong><em>φάσκειν</em></strong></span> <span class='ocrx_word' id='word_1_111' title='bbox 853 1520 1025 1605; x_wconf 86' lang='grc' dir='ltr'><strong><em>κήδεσθαι,</em></strong></span> 
     </span>
     <span class='ocr_line' id='line_1_15' title="bbox 70 1615 1026 1705; baseline -0.002 -19"><span class='ocrx_word' id='word_1_112' title='bbox 70 1618 126 1687; x_wconf 82' lang='grc' dir='ltr'><strong><em>καλ</em></strong></span> <span class='ocrx_word' id='word_1_113' title='bbox 147 1615 189 1686; x_wconf 79' lang='grc' dir='ltr'><strong><em>τά</em></strong></span> <span class='ocrx_word' id='word_1_114' title='bbox 209 1617 361 1702; x_wconf 90' lang='grc' dir='ltr'><strong><em>παρόντα</em></strong></span> <span class='ocrx_word' id='word_1_115' title='bbox 383 1627 607 1704; x_wconf 74' lang='grc' dir='ltr'><strong><em>περιορῶντας</em></strong></span> <span class='ocrx_word' id='word_1_116' title='bbox 627 1617 713 1704; x_wconf 79' lang='grc' dir='ltr'><strong><em>ὑπὲρ</em></strong></span> <span class='ocrx_word' id='word_1_117' title='bbox 740 1616 809 1686; x_wconf 69' lang='grc' dir='ltr'><strong><em>άοῖυ</em></strong></span> <span class='ocrx_word' id='word_1_118' title='bbox 835 1617 1026 1705; x_wconf 82' lang='grc' dir='ltr'><strong><em>μελλόντων</em></strong></span> 
     </span>
     <span class='ocr_line' id='line_1_16' title="bbox 66 1715 1026 1804; baseline 0 -20"><span class='ocrx_word' id='word_1_119' title='bbox 66 1717 148 1797; x_wconf 75' lang='grc' dir='ltr'><strong><em>τοὺς</em></strong></span> <span class='ocrx_word' id='word_1_120' title='bbox 164 1715 289 1796; x_wconf 82' lang='grc' dir='ltr'><strong><em>άλλους</em></strong></span> <span class='ocrx_word' id='word_1_121' title='bbox 305 1724 433 1804; x_wconf 86' lang='grc' dir='ltr'><strong><em>φοβεῖν.</em></strong></span> <span class='ocrx_word' id='word_1_122' title='bbox 467 1715 509 1785; x_wconf 84' lang='grc' dir='ltr'><strong><em>οὐ</em></strong></span> <span class='ocrx_word' id='word_1_123' title='bbox 526 1722 611 1803; x_wconf 81' lang='grc' dir='ltr'><strong><em>λέγω</em></strong></span> <span class='ocrx_word' id='word_1_124' title='bbox 627 1727 747 1803; x_wconf 81' lang='grc' dir='ltr'><strong><em>ταῦτα,</em></strong></span> <span class='ocrx_word' id='word_1_125' title='bbox 770 1716 853 1787; x_wconf 87' lang='grc' dir='ltr'><strong><em>άλλά</em></strong></span> <span class='ocrx_word' id='word_1_126' title='bbox 875 1732 943 1796; x_wconf 92' lang='grc' dir='ltr'><strong><em>τοῖς</em></strong></span> <span class='ocrx_word' id='word_1_127' title='bbox 965 1717 1026 1803; x_wconf 73' lang='grc' dir='ltr'><strong><em>μὲν</em></strong></span> 
     </span>
     <span class='ocr_line' id='line_1_17' title="bbox 65 1814 1026 1904; baseline -0.003 -19"><span class='ocrx_word' id='word_1_128' title='bbox 65 1819 103 1885; x_wconf 81' lang='grc' dir='ltr'><strong><em>ἐν</em></strong></span> <span class='ocrx_word' id='word_1_129' title='bbox 113 1816 318 1904; x_wconf 74' lang='grc' dir='ltr'><strong><em>Χερρονήσῳ</em></strong></span> <span class='ocrx_word' id='word_1_130' title='bbox 329 1814 467 1903; x_wconf 81' lang='grc' dir='ltr'><strong><em>χρήματ’</em></strong></span> <span class='ocrx_word' id='word_1_131' title='bbox 480 1814 693 1885; x_wconf 76' lang='grc' dir='ltr'><strong><em>ἀποστέλλειν</em></strong></span> <span class='ocrx_word' id='word_1_132' title='bbox 704 1819 789 1904; x_wconf 84' lang='grc' dir='ltr'><strong><em>φημὶ</em></strong></span> <span class='ocrx_word' id='word_1_133' title='bbox 800 1821 870 1884; x_wconf 87' lang='grc' dir='ltr'><strong><em>δεῖν</em></strong></span> <span class='ocrx_word' id='word_1_134' title='bbox 880 1818 936 1884; x_wconf 78' lang='grc' dir='ltr'><strong><em>καὶ</em></strong></span> <span class='ocrx_word' id='word_1_135' title='bbox 946 1815 1026 1884; x_wconf 84' lang='grc' dir='ltr'><strong><em>τάλ-</em></strong></span> 
     </span>
     <span class='ocr_line' id='line_1_18' title="bbox 65 1913 1024 2004; baseline 0 -20"><span class='ocrx_word' id='word_1_136' title='bbox 65 1923 108 1984; x_wconf 86' lang='grc' dir='ltr'><strong><em>λιι</em></strong></span> <span class='ocrx_word' id='word_1_137' title='bbox 126 1913 192 1983; x_wconf 81' lang='grc' dir='ltr'><strong><em>ὅσα</em></strong></span> <span class='ocrx_word' id='word_1_138' title='bbox 206 1915 338 1994; x_wconf 75' lang='grc' dir='ltr'><strong><em>ἀξιοῦσι</em></strong></span> <span class='ocrx_word' id='word_1_139' title='bbox 358 1929 480 2000; x_wconf 86' lang='grc' dir='ltr'><strong><em>ποιεῖν,</em></strong></span> <span class='ocrx_word' id='word_1_140' title='bbox 502 1915 624 1996; x_wconf 79' lang='grc' dir='ltr'><strong><em>αὐτοὺς</em></strong></span> <span class='ocrx_word' id='word_1_141' title='bbox 647 1921 683 1985; x_wconf 79' lang='grc' dir='ltr'><strong><em>δὲ</em></strong></span> <span class='ocrx_word' id='word_1_142' title='bbox 704 1915 1024 2004; x_wconf 76' lang='grc' dir='ltr'><strong><em>παρασκευάζεσθαι,</em></strong></span> 
     </span>
     <span class='ocr_line' id='line_1_19' title="bbox 67 2010 1088 2100; baseline -0.001 -19"><span class='ocrx_word' id='word_1_143' title='bbox 67 2016 122 2083; x_wconf 80' lang='grc' dir='ltr'><strong><em>καλ</em></strong></span> <span class='ocrx_word' id='word_1_144' title='bbox 144 2013 300 2100; x_wconf 83' lang='grc' dir='ltr'><strong><em>πρότονς</em></strong></span> <span class='ocrx_word' id='word_1_145' title='bbox 320 2010 342 2081; x_wconf 81' lang='grc' dir='ltr'><strong><em>ά</em></strong></span> <span class='ocrx_word' id='word_1_146' title='bbox 362 2013 423 2100; x_wconf 84' lang='grc' dir='ltr'><strong><em>χρή</em></strong></span> <span class='ocrx_word' id='word_1_147' title='bbox 446 2022 626 2094; x_wconf 82' lang='grc' dir='ltr'><strong><em>ποιοῦντας</em></strong></span> <span class='ocrx_word' id='word_1_148' title='bbox 642 2014 716 2085; x_wconf 86' lang='grc' dir='ltr'><strong><em>τότε</em></strong></span> <span class='ocrx_word' id='word_1_149' title='bbox 732 2020 787 2084; x_wconf 78' lang='grc' dir='ltr'><strong><em>καὶ</em></strong></span> <span class='ocrx_word' id='word_1_150' title='bbox 804 2019 884 2095; x_wconf 81' lang='grc' dir='ltr'><strong><em>τούς</em></strong></span> <span class='ocrx_word' id='word_1_151' title='bbox 902 2014 1024 2094; x_wconf 85' lang='grc' dir='ltr'><strong><em>άλλους</em></strong></span> <span class='ocrx_word' id='word_1_152' title='bbox 1037 2029 1088 2081; x_wconf 78' lang='lat'><strong><em>130</em></strong></span> 
     </span>
     <span class='ocr_line' id='line_1_20' title="bbox 56 2111 1022 2201; baseline 0.001 -20"><span class='ocrx_word' id='word_1_153' title='bbox 56 2111 222 2198; x_wconf 82' lang='grc' dir='ltr'><strong><em>Ἕλληνας</em></strong></span> <span class='ocrx_word' id='word_1_154' title='bbox 243 2120 439 2199; x_wconf 75' lang='grc' dir='ltr'><strong><em>συγκαλεῖν,</em></strong></span> <span class='ocrx_word' id='word_1_155' title='bbox 471 2113 648 2198; x_wconf 82' lang='grc' dir='ltr'><strong><em>συνάγειν,</em></strong></span> <span class='ocrx_word' id='word_1_156' title='bbox 682 2116 867 2201; x_wconf 81' lang='grc' dir='ltr'><strong><em>διδάσκειν,</em></strong></span> <span class='ocrx_word' id='word_1_157' title='bbox 896 2125 1022 2182; x_wconf 86' lang='grc' dir='ltr'><strong><em>νουθε-</em></strong></span> 
     </span>
     <span class='ocr_line' id='line_1_21' title="bbox 63 2205 1023 2299; baseline 0.002 -20"><span class='ocrx_word' id='word_1_158' title='bbox 63 2224 151 2280; x_wconf 80' lang='grc' dir='ltr'><strong><em>τεῖν·</em></strong></span> <span class='ocrx_word' id='word_1_159' title='bbox 172 2205 272 2279; x_wconf 64' lang='grc' dir='ltr'><strong><em>ταῦτ’</em></strong></span> <span class='ocrx_word' id='word_1_160' title='bbox 288 2213 356 2279; x_wconf 82' lang='grc' dir='ltr'><strong><em>έστλ</em></strong></span> <span class='ocrx_word' id='word_1_161' title='bbox 373 2211 500 2290; x_wconf 90' lang='grc' dir='ltr'><strong><em>πόλεως</em></strong></span> <span class='ocrx_word' id='word_1_162' title='bbox 518 2210 796 2299; x_wconf 82' lang='grc' dir='ltr'><strong><em>άξίωμα”ἐχούσης</em></strong></span> <span class='ocrx_word' id='word_1_163' title='bbox 812 2212 929 2299; x_wconf 89' lang='grc' dir='ltr'><strong><em>ήλίκον</em></strong></span> <span class='ocrx_word' id='word_1_164' title='bbox 941 2211 1023 2298; x_wconf 84' lang='grc' dir='ltr'><strong><em>ὑμῖν</em></strong></span> 
     </span>
     <span class='ocr_line' id='line_1_22' title="bbox 23 2306 1025 2397; baseline 0 -20"><span class='ocrx_word' id='word_1_165' title='bbox 23 2306 217 2396; x_wconf 72' lang='grc' dir='ltr'><strong><em>ῖιδπάρχει.</em></strong></span> <span class='ocrx_word' id='word_1_166' title='bbox 251 2316 281 2378; x_wconf 87' lang='grc' dir='ltr'><strong><em>εί</em></strong></span> <span class='ocrx_word' id='word_1_167' title='bbox 296 2309 329 2377; x_wconf 87' lang='grc' dir='ltr'><strong><em>δ’</em></strong></span> <span class='ocrx_word' id='word_1_168' title='bbox 347 2320 460 2379; x_wconf 83' lang='grc' dir='ltr'><strong><em>οῖεσθε</em></strong></span> <span class='ocrx_word' id='word_1_169' title='bbox 471 2313 654 2388; x_wconf 80' lang='grc' dir='ltr'><strong><em>Χαλκιδέας</em></strong></span> <span class='ocrx_word' id='word_1_170' title='bbox 671 2311 733 2397; x_wconf 87' lang='grc' dir='ltr'><strong><em>τήν</em></strong></span> <span class='ocrx_word' id='word_1_171' title='bbox 743 2309 882 2380; x_wconf 69' lang='grc' dir='ltr'><strong><em>Ἐλλάδα</em></strong></span> <span class='ocrx_word' id='word_1_172' title='bbox 900 2311 1025 2378; x_wconf 84' lang='grc' dir='ltr'><strong><em>σάσειν</em></strong></span> 
     </span>
     <span class='ocr_line' id='line_1_23' title="bbox 62 2405 1126 2497; baseline -0.002 -19"><span class='ocrx_word' id='word_1_173' title='bbox 62 2405 85 2497; x_wconf 85' lang='grc' dir='ltr'><strong><em>ή</em></strong></span> <span class='ocrx_word' id='word_1_174' title='bbox 105 2413 303 2497; x_wconf 83' lang='grc' dir='ltr'><strong><em>Μεγαρέας,</em></strong></span> <span class='ocrx_word' id='word_1_175' title='bbox 332 2407 426 2496; x_wconf 76' lang='grc' dir='ltr'><strong><em>ὑμεῖς</em></strong></span> <span class='ocrx_word' id='word_1_176' title='bbox 447 2408 477 2478; x_wconf 83' lang='grc' dir='ltr'><strong><em>δ’</em></strong></span> <span class='ocrx_word' id='word_1_177' title='bbox 502 2408 752 2494; x_wconf 77' lang='grc' dir='ltr'><strong><em>ἀποδράσεσθαι</em></strong></span> <span class='ocrx_word' id='word_1_178' title='bbox 772 2412 812 2477; x_wconf 82' lang='grc' dir='ltr'><strong><em>τά</em></strong></span> <span class='ocrx_word' id='word_1_179' title='bbox 834 2409 1022 2495; x_wconf 92' lang='grc' dir='ltr'><strong><em>πράγματα,</em></strong></span> <span class='ocrx_word' id='word_1_180' title='bbox 1122 2449 1126 2453; x_wconf 89' lang='lat'><em>-</em></span> 
     </span>
     <span class='ocr_line' id='line_1_24' title="bbox 64 2505 1024 2605; baseline -0.001 -27"><span class='ocrx_word' id='word_1_181' title='bbox 64 2505 129 2578; x_wconf 82' lang='grc' dir='ltr'><strong><em>οόκ</em></strong></span> <span class='ocrx_word' id='word_1_182' title='bbox 139 2505 256 2595; x_wconf 74' lang='grc' dir='ltr'><strong><em>ὀρθῶς</em></strong></span> <span class='ocrx_word' id='word_1_183' title='bbox 267 2519 397 2605; x_wconf 76' lang='grc' dir='ltr'><strong><em>οἴεσθε·</em></strong></span> <span class='ocrx_word' id='word_1_184' title='bbox 422 2505 593 2595; x_wconf 86' lang='grc' dir='ltr'><strong><em>άγαπητὸυ</em></strong></span> <span class='ocrx_word' id='word_1_185' title='bbox 615 2509 678 2591; x_wconf 83' lang='grc' dir='ltr'><strong><em>γὰρ</em></strong></span> <span class='ocrx_word' id='word_1_186' title='bbox 707 2507 766 2576; x_wconf 83' lang='grc' dir='ltr'><strong><em>έόιν</em></strong></span> <span class='ocrx_word' id='word_1_187' title='bbox 783 2506 1024 2591; x_wconf 80' lang='grc' dir='ltr'><strong><em>αότολσωζων-</em></strong></span> 
     </span>
     <span class='ocr_line' id='line_1_25' title="bbox 63 2605 1024 2693; baseline 0 -18"><span class='ocrx_word' id='word_1_188' title='bbox 63 2634 119 2677; x_wconf 88' lang='grc' dir='ltr'><strong><em>ται</em></strong></span> <span class='ocrx_word' id='word_1_189' title='bbox 128 2608 262 2677; x_wconf 84' lang='grc' dir='ltr'><strong><em>τούτων</em></strong></span> <span class='ocrx_word' id='word_1_190' title='bbox 273 2611 412 2676; x_wconf 81' lang='grc' dir='ltr'><strong><em>ἕκαστοι.</em></strong></span> <span class='ocrx_word' id='word_1_191' title='bbox 437 2605 512 2676; x_wconf 80' lang='grc' dir='ltr'><strong><em>ἀλλ’</em></strong></span> <span class='ocrx_word' id='word_1_192' title='bbox 524 2605 604 2693; x_wconf 82' lang='grc' dir='ltr'><strong><em>ὑμῖν</em></strong></span> <span class='ocrx_word' id='word_1_193' title='bbox 621 2613 720 2674; x_wconf 86' lang='grc' dir='ltr'><strong><em>τοῦτο</em></strong></span> <span class='ocrx_word' id='word_1_194' title='bbox 738 2610 918 2691; x_wconf 86' lang='grc' dir='ltr'><strong><em>πρακτέον·</em></strong></span> <span class='ocrx_word' id='word_1_195' title='bbox 940 2605 1024 2692; x_wconf 83' lang='grc' dir='ltr'><strong><em>ὑμῖν</em></strong></span> 
     </span>
     <span class='ocr_line' id='line_1_26' title="bbox 63 2706 1024 2794; baseline -0.005 -18"><span class='ocrx_word' id='word_1_196' title='bbox 63 2711 99 2776; x_wconf 80' lang='grc' dir='ltr'><strong><em>οἱ</em></strong></span> <span class='ocrx_word' id='word_1_197' title='bbox 113 2706 276 2794; x_wconf 82' lang='grc' dir='ltr'><strong><em>πρόγονοι</em></strong></span> <span class='ocrx_word' id='word_1_198' title='bbox 291 2716 389 2777; x_wconf 86' lang='grc' dir='ltr'><strong><em>τοῦτο</em></strong></span> <span class='ocrx_word' id='word_1_199' title='bbox 407 2707 444 2776; x_wconf 86' lang='grc' dir='ltr'><strong><em>τό</em></strong></span> <span class='ocrx_word' id='word_1_200' title='bbox 461 2712 560 2794; x_wconf 87' lang='grc' dir='ltr'><strong><em>γέρας</em></strong></span> <span class='ocrx_word' id='word_1_201' title='bbox 578 2708 757 2793; x_wconf 81' lang='grc' dir='ltr'><strong><em>ἐκτήσαντο</em></strong></span> <span class='ocrx_word' id='word_1_202' title='bbox 774 2709 829 2774; x_wconf 81' lang='grc' dir='ltr'><strong><em>καὶ</em></strong></span> <span class='ocrx_word' id='word_1_203' title='bbox 845 2708 1024 2774; x_wconf 80' lang='grc' dir='ltr'><strong><em>κατέλιπον</em></strong></span> 
     </span>
     <span class='ocr_line' id='line_1_27' title="bbox 22 2802 1022 2895; baseline -0.005 -20"><span class='ocrx_word' id='word_1_204' title='bbox 22 2807 146 2892; x_wconf 71' lang='grc' dir='ltr'><strong><em>ῖεμετά</em></strong></span> <span class='ocrx_word' id='word_1_205' title='bbox 157 2809 358 2875; x_wconf 77' lang='grc' dir='ltr'><strong><em>πολλόνκαὶ</em></strong></span> <span class='ocrx_word' id='word_1_206' title='bbox 368 2806 522 2895; x_wconf 91' lang='grc' dir='ltr'><strong><em>μεγάλων</em></strong></span> <span class='ocrx_word' id='word_1_207' title='bbox 533 2804 710 2873; x_wconf 79' lang='grc' dir='ltr'><strong><em>κινδύνων.</em></strong></span> <span class='ocrx_word' id='word_1_208' title='bbox 736 2811 765 2874; x_wconf 85' lang='grc' dir='ltr'><strong><em>εί</em></strong></span> <span class='ocrx_word' id='word_1_209' title='bbox 781 2803 813 2873; x_wconf 85' lang='grc' dir='ltr'><strong><em>δ’</em></strong></span> <span class='ocrx_word' id='word_1_210' title='bbox 832 2802 851 2872; x_wconf 85' lang='grc' dir='ltr'><strong><em>δ</em></strong></span> <span class='ocrx_word' id='word_1_211' title='bbox 868 2806 1022 2891; x_wconf 85' lang='grc' dir='ltr'><strong><em>βούλεται</em></strong></span> 
     </span>
     <span class='ocr_line' id='line_1_28' title="bbox 63 2901 1022 2993; baseline -0.005 -18"><span class='ocrx_word' id='word_1_212' title='bbox 63 2910 170 2993; x_wconf 71' lang='grc' dir='ltr'><strong><em>ζητοῦν</em></strong></span> <span class='ocrx_word' id='word_1_213' title='bbox 182 2907 319 2985; x_wconf 78' lang='grc' dir='ltr'><strong><em>ἕκαστος</em></strong></span> <span class='ocrx_word' id='word_1_214' title='bbox 330 2911 534 2991; x_wconf 88' lang='grc' dir='ltr'><strong><em>καθεδεῖται,</em></strong></span> <span class='ocrx_word' id='word_1_215' title='bbox 556 2906 612 2973; x_wconf 81' lang='grc' dir='ltr'><strong><em>καὶ</em></strong></span> <span class='ocrx_word' id='word_1_216' title='bbox 622 2902 825 2991; x_wconf 76' lang='grc' dir='ltr'><strong><em>όπωςμηδὲν</em></strong></span> <span class='ocrx_word' id='word_1_217' title='bbox 836 2901 1022 2982; x_wconf 81' lang='grc' dir='ltr'><strong><em>αὐτόςποι-</em></strong></span> 
     </span>
     <span class='ocr_line' id='line_1_29' title="bbox 62 3001 1021 3092; baseline -0.004 -19"><span class='ocrx_word' id='word_1_218' title='bbox 62 3005 135 3092; x_wconf 88' lang='grc' dir='ltr'><strong><em>ήσει</em></strong></span> <span class='ocrx_word' id='word_1_219' title='bbox 147 3013 300 3090; x_wconf 75' lang='grc' dir='ltr'><strong><em>σκοπόν,</em></strong></span> <span class='ocrx_word' id='word_1_220' title='bbox 324 3013 457 3090; x_wconf 80' lang='grc' dir='ltr'><strong><em>πρῶτον</em></strong></span> <span class='ocrx_word' id='word_1_221' title='bbox 474 3004 535 3091; x_wconf 70' lang='grc' dir='ltr'><strong><em>μὲν</em></strong></span> <span class='ocrx_word' id='word_1_222' title='bbox 547 3002 589 3071; x_wconf 88' lang='grc' dir='ltr'><strong><em>οὐ</em></strong></span> <span class='ocrx_word' id='word_1_223' title='bbox 601 3001 728 3090; x_wconf 87' lang='grc' dir='ltr'><strong><em>μήποθ’</em></strong></span> <span class='ocrx_word' id='word_1_224' title='bbox 743 3002 826 3091; x_wconf 80' lang='grc' dir='ltr'><strong><em>εὕρῃ</em></strong></span> <span class='ocrx_word' id='word_1_225' title='bbox 837 3001 915 3081; x_wconf 82' lang='grc' dir='ltr'><strong><em>τούς</em></strong></span> <span class='ocrx_word' id='word_1_226' title='bbox 924 3003 1021 3090; x_wconf 89' lang='grc' dir='ltr'><strong><em>ποιή-</em></strong></span> 
     </span>
     <span class='ocr_line' id='line_1_30' title="bbox 62 3100 1032 3189; baseline -0.002 -19"><span class='ocrx_word' id='word_1_227' title='bbox 62 3124 201 3189; x_wconf 87' lang='grc' dir='ltr'><strong><em>σοντας,</em></strong></span> <span class='ocrx_word' id='word_1_228' title='bbox 224 3109 334 3172; x_wconf 82' lang='grc' dir='ltr'><strong><em>ἔπειτα</em></strong></span> <span class='ocrx_word' id='word_1_229' title='bbox 353 3108 486 3173; x_wconf 80' lang='grc' dir='ltr'><strong><em>δέδοικα</em></strong></span> <span class='ocrx_word' id='word_1_230' title='bbox 496 3102 585 3182; x_wconf 86' lang='grc' dir='ltr'><strong><em>ὅπως</em></strong></span> <span class='ocrx_word' id='word_1_231' title='bbox 602 3101 645 3189; x_wconf 86' lang='grc' dir='ltr'><strong><em>μή</em></strong></span> <span class='ocrx_word' id='word_1_232' title='bbox 666 3101 771 3177; x_wconf 87' lang='grc' dir='ltr'><strong><em>πάνθ’</em></strong></span> <span class='ocrx_word' id='word_1_233' title='bbox 792 3102 875 3188; x_wconf 81' lang='grc' dir='ltr'><strong><em>ἅμα,</em></strong></span> <span class='ocrx_word' id='word_1_234' title='bbox 898 3101 961 3170; x_wconf 83' lang='grc' dir='ltr'><strong><em>ὅσα</em></strong></span> <span class='ocrx_word' id='word_1_235' title='bbox 978 3100 1032 3171; x_wconf 65' lang='lat'><strong><em>02}-</em></strong></span> 
     </span>
     <span class='ocr_line' id='line_1_31' title="bbox 62 3200 858 3291; baseline -0.008 -18"><span class='ocrx_word' id='word_1_236' title='bbox 62 3203 275 3291; x_wconf 83' lang='grc' dir='ltr'><strong><em>βόνλόμεθα,</em></strong></span> <span class='ocrx_word' id='word_1_237' title='bbox 289 3217 395 3272; x_wconf 87' lang='grc' dir='ltr'><strong><em>ποιεῖν</em></strong></span> <span class='ocrx_word' id='word_1_238' title='bbox 403 3200 482 3290; x_wconf 81' lang='grc' dir='ltr'><strong><em>ἡμῖν</em></strong></span> <span class='ocrx_word' id='word_1_239' title='bbox 493 3200 620 3289; x_wconf 78' lang='grc' dir='ltr'><strong><em>ἀνάγκη</em></strong></span> <span class='ocrx_word' id='word_1_240' title='bbox 632 3204 774 3288; x_wconf 80' lang='grc' dir='ltr'><strong><em>γένηται.</em></strong></span> <span class='ocrx_word' id='word_1_241' title='bbox 854 3268 858 3278; x_wconf 75' lang='grc'><strong><em>,</em></strong></span> 
     </span>
     <span class='ocr_line' id='line_1_32' title="bbox 22 3297 1023 3389; baseline -0.002 -22"><span class='ocrx_word' id='word_1_242' title='bbox 22 3311 53 3368; x_wconf 79' lang='grc' dir='ltr'><strong><em>ῖθ</em></strong></span> <span class='ocrx_word' id='word_1_243' title='bbox 143 3301 226 3389; x_wconf 57' lang='lat' dir='ltr'><strong><em>DJ&amp;</em></strong></span> <span class='ocrx_word' id='word_1_244' title='bbox 246 3303 307 3388; x_wconf 78' lang='grc' dir='ltr'><strong><em>μὲν</em></strong></span> <span class='ocrx_word' id='word_1_245' title='bbox 325 3301 365 3388; x_wconf 85' lang='grc' dir='ltr'><strong><em>δή</em></strong></span> <span class='ocrx_word' id='word_1_246' title='bbox 376 3311 479 3370; x_wconf 81' lang='grc' dir='ltr'><strong><em>ταῦτα</em></strong></span> <span class='ocrx_word' id='word_1_247' title='bbox 490 3305 591 3385; x_wconf 83' lang='grc' dir='ltr'><strong><em>λέγω,</em></strong></span> <span class='ocrx_word' id='word_1_248' title='bbox 614 3308 717 3367; x_wconf 82' lang='grc' dir='ltr'><strong><em>ταῦτα</em></strong></span> <span class='ocrx_word' id='word_1_249' title='bbox 729 3299 864 3385; x_wconf 81' lang='grc' dir='ltr'><strong><em>γράφω·</em></strong></span> <span class='ocrx_word' id='word_1_250' title='bbox 907 3297 1023 3366; x_wconf 75' lang='grc' dir='ltr'><strong><em>καλοῖ-</em></strong></span> 
     </span>
     <span class='ocr_line' id='line_1_33' title="bbox 61 3393 1021 3487; baseline -0.014 -15"><span class='ocrx_word' id='word_1_251' title='bbox 61 3427 120 3487; x_wconf 84' lang='grc' dir='ltr'><strong><em>μαι</em></strong></span> <span class='ocrx_word' id='word_1_252' title='bbox 131 3405 266 3472; x_wconf 75' lang='grc' dir='ltr'><strong><em>καλνῦυ</em></strong></span> <span class='ocrx_word' id='word_1_253' title='bbox 277 3407 323 3470; x_wconf 83' lang='grc' dir='ltr'><strong><em>ἔτι</em></strong></span> <span class='ocrx_word' id='word_1_254' title='bbox 334 3402 619 3487; x_wconf 80' lang='grc' dir='ltr'><strong><em>ἐπανορθωθῆναι</em></strong></span> <span class='ocrx_word' id='word_1_255' title='bbox 630 3394 674 3466; x_wconf 85' lang='grc' dir='ltr'><strong><em>άν</em></strong></span> <span class='ocrx_word' id='word_1_256' title='bbox 691 3397 731 3466; x_wconf 86' lang='grc' dir='ltr'><strong><em>τά</em></strong></span> <span class='ocrx_word' id='word_1_257' title='bbox 748 3398 922 3482; x_wconf 86' lang='grc' dir='ltr'><strong><em>πράγματα</em></strong></span> <span class='ocrx_word' id='word_1_258' title='bbox 938 3393 1021 3461; x_wconf 81' lang='grc' dir='ltr'><strong><em>τού-</em></strong></span> 
     </span>
    </p>
   </div>
   <div class='ocr_carea' id='block_1_3' title="bbox 0 0 1174 3894">
    <p class='ocr_par' dir='ltr' id='par_1_3' title="bbox 0 0 1174 3894">
     <span class='ocr_line' id='line_1_34' title="bbox 0 0 1174 3894; baseline 0 2"><span class='ocrx_word' id='word_1_259' title='bbox 0 0 1174 3894; x_wconf 95' lang='lat' dir='ltr'><strong><em> </em></strong></span> 
     </span>
    </p>
   </div>
  </div>
 </body>
</html>
