2340 3894
145 193 209 260 ³62
358 200 429 259 ΧΙΧ.
456 196 899 259 ΛΗΜΟΣΘΕΝΟῬΣ.
974 249 976 253 .

146 357 250 424 σαντά
266 357 325 443 τιν’
337 354 444 426 αὐτοῦ
459 356 656 442 κατήγορον.
690 358 746 423 ἳνα
763 362 809 435 τίς
834 359 890 424 ἴνα
908 356 991 442 μήτε
1009 359 1101 424 ἐλέου

117 538 122 549 Ι
146 454 226 541 μήτε
239 457 437 542 συγγνώμης
448 451 496 541 ἐφ’
510 449 559 532 οἷς
570 450 671 532 αὐτὸς
680 451 816 540 ἠδίκηκε
825 453 920 542 τύχη.
951 452 1038 523 ἀλλά
1049 456 1102 524 καὶ

146 561 342 639 κατηγορών
358 557 489 622 ἐκείνου
505 560 621 636 κακῶς,
636 554 747 638 λέγειν
763 559 933 637 προείλετο
952 553 1026 640 ἐμὲ,
1049 558 1103 621 καὶ

146 651 247 718 πάλιν
257 655 294 718 ἐν
305 659 350 740 τῷ
363 651 455 741 δήμῳ
467 650 599 737 γραφὰς
609 641 760 718 ἀποίσειν
769 652 824 719 καὶ
832 649 958 718 τοιαῦτ’
966 649 1101 738 ἠπείλει.

145 753 201 817 ἵνα
218 754 265 830 τίς
292 748 333 818 ἵν’
346 747 391 830 ώς
411 747 492 836 μετὰ
511 756 664 835 πλείστης
686 748 883 837 συγγνώμης
905 747 982 836 παρ’
1007 749 1102 838 ὑμῶν

146 844 218 916 ὁτά
228 847 351 915 τούτου
369 844 588 934 πονηρεύματ’
600 845 819 935 ἀκριβέστατα
842 845 940 928 εἰδώς
960 847 1027 934 ἐγώ
1048 851 1102 917 καὶ

85 956 137 1011 258
147 945 455 1033 παρηκολουθηκώς
464 944 567 1013 ἅπασι
579 952 760 1032 κατηγορῶ.
773 943 857 1014 ἀλλά
870 948 928 1014 καὶ
939 950 1101 1030 διακρου-

147 1045 383 1131 όμενοςπάντα
399 1042 459 1112 τόν
470 1050 640 1133 ἔμπροσθε
656 1043 782 1131 χρόνον
792 1050 958 1112 εἰσελθεῖν
974 1050 1023 1123 είς
1032 1071 1100 1112 τοι-

146 1153 248 1212 ουτον
259 1141 403 1228 ὑπῆκται
419 1140 538 1228 καιρὸν
561 1143 599 1211 ἐν
622 1133 649 1233 ᾦ
670 1148 738 1210 τών
753 1141 916 1210 ἐπιόντων
933 1143 1050 1229 ἕνεκα,
1073 1147 1102 1208 εί

145 1242 287 1328 μηδενὸς
305 1240 423 1328 ἀλλον,
444 1238 505 1326 οὐχ
522 1236 641 1309 οἷόντε
658 1235 732 1306 οὐδ’
746 1235 890 1323 ἀσφαλὲς
901 1236 985 1324 ύμῖν
997 1243 1099 1307 δεδω-

50 1358 56 1369 “
145 1338 352 1426 ροδοκηκάτα
364 1347 486 1408 τοῦτον
497 1337 616 1430 ἀθῷον
626 1341 737 1406 ἐᾶσαι·
762 1335 813 1405 ἀεὶ
824 1336 978 1425 μὲνγὰρ,
1001 1330 1100 1406 ώάν-

145 1436 408 1525 δρεςἈθηναῖοι,
418 1438 578 1526 προσήκει
588 1437 916 1523 μισεῖνκαὶκολάζειν
926 1434 1007 1515 τούς
1018 1449 1152 1522 προ-ῖῖῖ

144 1534 242 1615 δότας
252 1539 306 1605 καὶ
318 1537 540 1621 δωροδόκους,
552 1537 693 1622 μάλιστα
704 1534 739 1604 δὲ
749 1544 815 1603 νῦν
825 1537 877 1604 ἐπὶ
888 1543 1012 1621 καιροῦ
1022 1543 1100 1603 τοῦ·

144 1660 181 1702 το
192 1633 315 1721 γένοιτ’
328 1630 372 1702 ἀν
383 1637 438 1703 καὶ
454 1635 582 1712 πάντας
595 1631 799 1720 ὠφελήσειεν
810 1632 1018 1719 ἀνθρώπους
1029 1660 1098 1702 κοι-

84 1739 196 1820 259νῇ.
229 1731 359 1818 νόσημα
369 1733 449 1821 γὰρ,
473 1724 638 1818 ώάνδρες
652 1729 841 1819 Ἀθηναῖοι,
865 1731 980 1801 δεινόν
1001 1735 1099 1820 ἐμπί-

143 1858 273 1900 πτώκεν
284 1838 330 1910 είς
346 1829 570 1918 τὴνἙλλάδα,
581 1834 637 1898 καὶ
645 1830 790 1917 χαλεπόν
805 1833 861 1901 καὶ
871 1839 999 1918 πολλῆς
1010 1830 1098 1909 τινός

144 1928 296 2016 εὐτυχίας
312 1933 366 1998 καὶ
384 1929 458 2013 παρ’
469 1927 567 2015 ὑμῶν
583 1933 767 2024 ἐπιμελείας
784 1930 954 2015 δεόμενον.
985 1934 1020 1998 os
1032 1927 1096 2014 γὰρ

142 2030 180 2095 ἐν
190 2043 259 2107 ταῖς
271 2029 387 2095 πόλεσι
396 2053 646 2113 γνωριμώτατοι
661 2029 717 2096 καὶ
733 2027 937 2112 προεστάναι
946 2035 1018 2095 τών
1028 2054 1098 2096 κοι-

142 2134 212 2193 νών
229 2122 433 2212 ἀξιούμενοι,
455 2125 518 2213 την
535 2122 647 2194 αὑτών
669 2126 883 2212 προδιδόντες
899 2127 1097 2212 ἐλευθερίαν

69 2312 71 2315 Ι
144 2230 177 2293 οί
187 2230 371 2311 δυστυχεῖς,
392 2222 596 2315 αὐθαίρετον
607 2222 720 2304 αὐτοῖς
730 2225 909 2310 ἐπάγονται
927 2230 1094 2307 δουλείαν,

144 2330 296 2414 Φιλίππῳ
314 2328 424 2404 ξενίαν
441 2327 495 2392 καὶ
513 2325 658 2408 ἑταιρίαν
678 2325 734 2391 καὶ
755 2328 870 2409 φιλίαν
890 2323 945 2390 καὶ
965 2321 1095 2390 τοιαῦθ’

142 2420 431 2508 ὑποκοριζόμενοι·
455 2427 489 2491 οί
505 2421 539 2490 δὲ
557 2424 667 2489 λοιποὶ
687 2424 742 2489 καὶ
763 2418 803 2488 τά
824 2416 909 2505 κύρι’
922 2418 1007 2487 ἀττα
1028 2417 1096 2486 ποτ’

142 2522 229 2588 ἐστὶν
240 2520 484 2609 ἐνὲκάστητώυ
495 2521 636 2606 πόλεων,
654 2516 713 2599 οὓς
723 2523 789 2586 ἔδει
798 2519 939 2597 τούτους
947 2518 1098 2599 κολάζειν

141 2619 196 2693 καὶ
211 2628 407 2705 παραχρῆμα
424 2617 681 2700 ἀποκτιννύναι,
702 2611 834 2685 τοσοῦτ’
854 2613 1018 2702 ἀπέχουσι
1038 2621 1099 2683 τοῦ

141 2715 294 2783 τοιοῦτόν
309 2743 341 2784 τι
357 2732 464 2784 ποιεῖν
485 2715 570 2784 ὥστε
588 2716 799 2802 θαυμάζουσι
813 2716 869 2782 καὶ
886 2720 1025 2800 ζηλοῦσι
1045 2717 1098 2783 καὶ

80 2814 132 2872 260
141 2811 309 2898 βούλοιντ’
333 2809 377 2880 ἀν
399 2812 499 2892 αύτός
520 2816 657 2893 ἕκαστος
677 2822 827 2893 τοιοῦτος
848 2810 942 2880 εἶναι.
992 2819 1097 2882 καίτοι

140 2918 239 2978 τοῦτο
250 2910 287 2979 τὰ
305 2920 439 2998 πρᾶγμα
457 2916 512 2980 καὶ
528 2911 568 2980 τά
584 2921 720 2982 τοιαῦτα
738 2911 908 2999 ζηλώματα
920 2919 1096 2981 Θετταλῶν

141 3008 213 3094 μὲν,
226 3001 253 3076 ώ
264 3009 383 3094 ἀνδρες
390 3009 570 3098 Ἀθηναῖοι,
589 3016 683 3100 μέχρι
702 3012 765 3096 μὲν
779 3011 859 3097 χθὲς
871 3010 892 3097 ἢ
903 3012 1024 3098 πρώην
1034 3008 1095 3096 την

139 3104 321 3194 ἡγεμονίαν
342 3113 398 3177 καὶ
410 3108 446 3179 τό
464 3110 579 3179 κοινὸν
596 3111 720 3197 ἀξίωμα
731 3108 962 3193 ἀπωλωλέκει,
975 3117 1043 3177 νῦν
1061 3105 1091 3175 δ’

138 3203 206 3293 ἤδη,
219 3209 275 3276 καὶ
291 3209 353 3294 την
368 3211 564 3294 ἐλευθερίαν
580 3223 803 3294 παραιρεῖται·
832 3205 891 3286 τάς
907 3204 973 3294 γάρ
993 3204 1094 3290 ἀκρο-

139 3303 250 3384 πόλεις
267 3304 380 3375 αύτών
397 3310 496 3375 ἐνίων
506 3305 703 3386 Μακεδόνες
720 3312 946 3393 φρουροῦσιν·
969 3311 1093 3386 είςΠε-

40 3450 44 3457 .
139 3402 350 3490 λοπόννησον
362 3403 393 3475 δ’
406 3406 562 3475 εἰσελθὸν
571 3404 630 3486 τάς
645 3410 684 3475 ἐν
690 3405 801 3477 Ἤλιδι
811 3404 943 3492 σφαγὰς
954 3412 1093 3491 πεποίη-
