2340 3894
91 176 155 240 286
205 238 208 243 ,
309 179 379 239 xlx.
411 174 831 239 ΔΗΜΟΣΘΕΝΟΤΣ

88 337 256 406 Ὀλυνθίων
270 333 463 442 Ἀμφίπολιν,
487 328 579 439 οόσγυ
597 345 694 446 66666
710 345 761 422 τῆς
783 334 909 447 πόλεως·
933 341 984 402 mi
1005 330 1043 423 ἦν

90 421 133 490 ὖπ
134 419 322 523 ’Ὀλυνθίοις
334 416 438 484 καθ’
422 417 457 485 ὃν
467 416 573 505 καιρὸν
590 416 756 526 666666666
772 423 871 484 ιιαλ
839 447 868 485 οι
879 419 1042 525 σύμμαχοι.

90 599 208 675 βαίους,
220 590 369 694 τοῦτομὲν
378 591 444 673 περί
454 614 505 653 του
517 614 596 673 ιεροιι
606 614 658 652 του
669 596 775 652 Πυθοι
784 612 857 692 προς
870 585 1042 690 Θετταλοίις,

89 682 176 740 τοῦτο
194 675 226 737 δὲ
239 668 330 757 6666’
331 679 499 774 Ορχομενοῦ
515 675 565 736 καλ
576 676 742 778 Κορωνείας
759 668 833 755 πρὸς
848 666 917 748 τοίις
929 678 1041 776 Θηβαί-

90 785 154 861 ορς
175 752 343 859 ιίίιληλον
309 782 391 858 γαρ
379 759 473 840 ἕκτης
484 756 637 860 ίοτυρίας’
621 783 665 821 οτι
676 763 735 820 τῶν
734 757 799 858 μὲν
804 753 1021 864 παρείλοντο
990 771 1041 832 τάς

90 840 145 945 δρία
162 838 259 915 πόλεις
275 837 444 942 γειτνιώσας
460 834 576 946 αότρῖς,
602 834 761 914 Θετταλοιλς
782 840 815 903 66
834 837 1042 952 παρωσάμενοι

89 922 144 1010 τίγν
151 918 411 1025 Ἀμφιιιτυονίαυ’
392 949 441 987 ατε
452 925 487 986 ἐν
494 924 567 1010 μὲσγγ
577 931 649 1024 Φιγκ
650 928 742 988 ίδι
701 949 760 986 των
772 925 804 986 ἐν
814 928 971 1027 Δελφοῖς
956 931 1042 1032 ιερῶν

78 1012 262 1112 ίθρυγγὲνων.
298 1003 396 1115 ἕπειόγγ
415 1009 447 1070 δὲ
462 1014 557 1072 πολυυ
574 1004 690 1111 χρόνον
697 1009 879 1110 επολέμηοαν
887 1031 964 1091 προς
975 1010 1041 1110 666-

88 1088 157 1166 τυός
165 1087 322 1188 Ἀθηναῖοι
331 1115 381 1155 ιιαι
373 1092 556 1196 Φίλιππος,
578 1100 619 1193 τῷ
637 1089 733 1195 χρόνιγ
744 1087 800 1173 την
810 1087 959 1191 εἰρήνην
943 1087 1040 1154 ειιιίτε-
1090 1146 1091 1150 ,

89 1201 142 1276 ροι
145 1199 241 1238 ποιειυ
252 1170 423 1276 ἐβουλοντο
446 1169 544 1237 ἄλλ’
530 1199 667 1278 οποτερος
675 1201 767 1239 ταυτα
777 1171 983 1276 προβαλλοιτο,
995 1177 1040 1238 αί-

88 1255 200 1365 ρχόνην
221 1261 296 1368 ἔχειν
317 1224 458 1338 ἐνόμιζον
470 1253 694 1364 Ἀριστόδημος
716 1259 748 1322 δὲ
768 1259 819 1322 καί
836 1255 1088 1340 Νεοπτόλεμοςὸιι

87 1340 245 1450 ίιποιιριται
235 1345 428 1490 τραγῳδίαςὲ
430 1332 614 1446 ἐτύγχανον
626 1334 707 1407 οὗτοι
724 1335 818 1407 θεολ
785 1367 861 1445 την
852 1344 968 1407 οίιιέίαν
978 1344 1039 1424 τίχ-
1089 1367 1091 1373 ’

87 1454 145 1530 νηγ
156 1426 259 1490 όίόειαν
268 1408 375 1508 εἷχοίι’
358 1428 428 1490 απιί
427 1453 500 1491 ναι
513 1424 581 1493 όποι
593 1421 632 1490 όιν
641 1424 827 1531 βγόλωντοιι,
842 1419 920 1488 όλλόι
938 1420 977 1510 66
990 1368 1040 1490 ιόλ

86 1506 160 1595 πρὸς
170 1515 333 1613 πολεμίους.
367 1505 544 1596 ἀπελθόντες
561 1511 616 1574 οὐν
633 1501 713 1575 οὗτοι
724 1505 805 1586 είς
773 1535 829 1592 την
840 1513 1040 1574 Μακεδονίαν

89 1596 184 1659 ἐπεδεί
171 1599 268 1743 ίξογυτο
286 1590 341 1678 τόγν
357 1597 468 1659 οἰκείαν
480 1599 611 1698 τέχνην,
623 1596 673 1658 ιιαλ
690 1591 765 1658 οὕτω
782 1589 974 1698 φιλοφρόνως
985 1588 1038 1659 αὖ·

85 1672 186 1754 Ιτοόςέ
187 1681 287 1783 (λέξατο
302 1682 448 1754 Φίλιππος
474 1674 546 1743 ὥστε
559 1673 632 1787 πρός
649 1687 710 1753 τοῖς
727 1676 825 1753 όλλοις
842 1674 972 1786 χρήμασι
989 1679 1063 1740 καί·

87 1760 162 1826 όίλλα
173 1765 207 1826 ἐκ
217 1771 275 1826 τῶν
286 1766 403 1827 οἰκείων
412 1771 556 1866 παρεῖχεν
558 1763 665 1837 αὐτοῖς
688 1756 863 1842 αἰσθόμενος
875 1762 908 1824 δὲ
917 1758 1037 1842 μελλόν-

85 1872 145 1909 των
166 1843 379 1992 πρεσβεύεσθαι
399 1842 472 1947 πρὸς
489 1841 580 1911 αὐτὸν
599 1848 729 1909 Φωκίων
745 1847 797 1908 ιιαλ
818 1850 973 1910 Θετταλῶν
989 1846 1038 1908 ιιαλ

87 1933 227 2010 Θηβαίων
261 1927 411 2032 ἐβρυλήθη
421 1925 489 2003 τοὺς
497 1924 674 2012 Ἀθηναίους
686 1930 870 2032 ἕξαπογτηοογ.
904 1931 958 1992 ιιαλ
968 1925 1037 1992 ταό·

83 2037 134 2092 της
145 2018 197 2093 τῆς
207 2008 382 2120 προφάσεως
393 2009 571 2094 δραξάμενος
586 2016 746 2115 Φίλιππος,
758 2006 898 2076 ιἰπολόων
905 2007 1036 2122 Ἀριστό-

84 2099 178 2176 δημον
196 2120 247 2156 ιιαι
238 2090 477 2199 Νεοπτόλεμον,
500 2098 595 2179 ἔλεγεν
612 2091 712 2172 αότοις
723 2093 767 2161 ότι
779 2102 863 2176 φίλος
875 2095 951 2202 εἰμί’
947 2104 1035 2177 Αθη-

79 2181 185 2283 γυίοις
218 2179 376 2283 συνίβιχθὲ
385 2176 477 2242 παλιν
486 2204 515 2243 τι
524 2204 657 2244 τοιουτου
667 2182 827 2284 γενέσθαι
851 2176 984 2282 Φρυνοιν
993 2203 1036 2253 τις

79 2256 274 2368 Ἀθηνγῖος’
257 2258 355 2327 απιυλν
368 2257 593 2345 ’ολυμπίαοιν’
576 2261 790 2367 αγωγισόμενος
805 2291 826 2346 ιγ
812 2259 1033 2371 ”θεγσόμενρς,

83 2348 116 2411 ίιτ
136 2342 259 2431 66666‘
244 2343 303 2414 υπό
313 2354 590 2452 τινωνστρατιωτῶυ
600 2373 652 2412 του
639 2344 848 2449 Φιλίππογ’
834 2371 867 2408 εν
871 2347 1031 2451 ίερομηνίγ

83 2373 162 2494 καλ’
145 2425 339 2538 6666666'
295 2457 395 2495 παντα
404 2427 441 2495 τό
451 2427 551 2497 αὖτοῦ
584 2431 659 2494 ιιαλί
660 2426 743 2495 λθόιν
754 2434 793 2505 είς
802 2424 936 2532 Ἀθήνας
944 2453 1032 2512 παρτ·

83 2511 166 2579 ιιαλει
175 2540 242 2594 τους
250 2511 443 2620 Ἀθηναίγυς,
467 2518 517 2579 ἵνα
523 2511 796 2662 χειροτονήσωσιν
789 2507 881 2616 66666
885 2519 1032 2617 πρεσβευ-

82 2596 149 2682 τὴν,
172 2595 250 2676 ὅπως
270 2593 411 2664 απελθόιν
429 2594 502 2683 πρὸς
523 2603 671 2662 Φίλιππον
691 2593 804 2685 6666'
777 2620 859 2700 αγερ
876 2592 1032 2686 ἆφηρίθη·

82 2682 133 2744 ιιαλ
152 2665 338 2757 πεισθέντες’
330 2690 487 2787 Αθηναῖοι
509 2679 728 2765 ἐχειροτόνησαν
748 2675 839 2746 αὐτὸν
855 2684 908 2745 καλ
926 2662 1032 2782 ΙΚτησι-

81 2769 192 2868 φορντα
208 2769 259 2829 ιιαλ
268 2760 461 2832 ἐλθόντων
425 2791 523 2829 αυτων
532 2769 772 2840 είςΜαιιεδονίαν
781 2763 971 2872 φιλοφρονως
979 2757 1031 2827 66-

80 2842 148 2923 τοὺς
159 2843 298 2926 6665660‘
285 2873 301 2913 ο
307 2846 514 2952 Φίλιιγπος,
498 2846 570 2911 ω’στε
581 2845 674 2950 ιγαλ
642 2875 679 2911 τα
690 2844 918 2959 66666666166‘
901 2846 963 2913 υπὸ
974 2855 1032 2912 τῶν

80 2939 264 3016 στρατιωτῶν
273 2930 370 3044 6666
381 2925 594 2995 ἀποδοῦναι’
558 2939 639 3036 6666
649 2959 699 2996 ιιαι
690 2935 794 2997 '‘36
754 2959 886 2998 τωνιτε
824 2936 886 2997 οίιτε
886 2937 942 2996 ίων
959 2931 1032 2995 όίλλυ

80 3016 248 3099 ἐπιδοῦναι,
270 3019 321 3081 καί
338 3010 584 3120 ἀπολογεῖσθαι
566 3041 611 3080 οτι
621 3013 752 3122 η’χυόουν
763 3021 794 3081 υί
802 3024 977 3121 στρατιῶται
988 3012 1031 3078 ότι

78 3103 230 3205 ἱερομηνία
198 3101 314 3164 ίοιλίστ
347 3096 520 3203 καλτοότρις
536 3097 627 3164 πόλιν
643 3096 749 3205 όμρίως
771 3095 904 3205 ἔλεγεν
885 3126 925 3174 ως
946 3103 1031 3202 φίλος

77 3186 135 3264 εἰμί
145 3179 322 3289 Ἀθηνγίοις.
353 3187 413 3249 ιιαλ
422 3181 556 3260 ἐλθόντες
573 3182 654 3259 είς
623 3211 679 3268 την
686 3180 822 3289 Ἄττικίγν
832 3180 869 3247 τόι
880 3180 958 3248 6666
969 3190 1030 3256 τοῖς

76 3263 375 3375 όλλοιςόιπηγγειλριν.
408 3276 500 3332 ταῦτα
514 3263 696 3375 α’γοιίοαγτες
708 3264 864 3374 Ἀθηναῖοι
874 3264 1031 3351 ἐβούλοντο

75 3360 189 3430 μαθιῖι
202 3356 229 3417 εί
244 3378 295 3435 μετ
298 3348 467 3435 ἰἰληθείας
483 3350 640 3443 είριγνην”
620 3379 703 3437 αγειν
720 3351 854 3436 βούλεται
874 3356 1030 3482 Φίλαιπος

244 3671 248 3683 ι
338 3663 349 3693 Χ
