2340 3894
131 215 196 281 ³³4
326 215 422 280 ΧΙΧ.
458 207 898 272 mmmmm

133 377 258 462 πάντα,
268 373 349 452 τούς
358 372 500 459 χρόνους
510 366 733 454 ἀνηλωκότες,
748 392 788 435 τα
777 366 837 436 έν
848 370 969 458 Θρᾴκη
979 393 1088 450 προεν

23 520 26 525 ·
132 481 243 565 μένοι,
275 474 357 561 μηδὲ
357 496 379 537 ν
399 462 448 538 όν
468 472 681 556 ἐψηφίσασθε
702 466 919 553 κεκμηκότες
939 463 1021 552 μηδ’
1047 493 1089 534 ον

133 562 342 660 συμφέρον
319 596 379 657 ην,
391 594 433 635 τα
420 567 553 653 ψευδή
562 563 656 649 δεῦρ’
670 561 925 652 ἀπηγγελκότες,
937 572 1011 644 πῶς
1023 571 1089 634 ἔνε-

134 694 186 741 στι
198 668 278 756 παρ’
291 661 330 736 εὖ
341 675 509 753 φρονοῦσι
521 670 689 743 δικασταῖς
699 667 754 731 καί
763 667 1004 750 βουλομένοις
996 662 1090 749 εὐορ-

134 786 206 839 κείν
216 793 324 855 τουτφ
335 766 514 847 συζεσθαις
537 761 622 832 αλλα
633 788 701 849 μην
710 788 764 830 οτι
771 787 854 830 ταντ
852 758 989 849 ’ἀληθῆ
999 764 1090 848 λέγει,

135 871 210 954 λέγε
231 875 365 950 πρῶτον
381 891 443 951 μεν
457 862 495 932 τὸ
516 862 687 948 ψήφισμα,
715 856 759 940 ἀς
778 858 907 949 ὁρκοῦν
925 869 1092 946 προσῆκεν

133 965 223 1052 ἡμῖν,
235 963 303 1031 εἶτα
313 960 375 1049 τήν
386 961 562 1047 ἐπιστολήν
572 958 635 1046 τήν
644 967 706 1028 τοῦ
712 966 891 1046 Φιλίππου,
904 958 976 1028 εἶτα
988 957 1027 1028 τό
1035 967 1092 1028 (ver

135 1062 318 1148 λοκράτους
329 1061 484 1147 ψήφισμα
495 1062 551 1128 καὶ
561 1060 598 1128 τό
610 1067 673 1127 τοῦ
682 1059 800 1146 δήμου.

189 1196 420 1260 ΨΗΦΙΣΜΑ.
454 1196 702 1259 ΕΠΙΣΤΟΛΗ,
738 1196 1037 1259 ΨΗΦΙΣΜΑΤΑ.
1097 1216 1132 1271 ςςη

75 1315 126 1371 162
219 1307 286 1373 Καὶ
303 1302 370 1424 μήν
387 1301 438 1374 ὅτι
454 1303 514 1374 τόν
526 1312 694 1375 Φίλιππον
709 1301 988 1396 ένἘλλησπόντμ
1000 1330 1089 1373 κατε-

135 1401 317 1528 λάβομενΙ
296 1398 354 1490 ἀν,
377 1413 410 1473 εί
415 1430 463 1483 τις
472 1403 624 1523 ἐπείθετό
637 1429 694 1489 μοι
704 1401 808 1471 καὶ
771 1429 812 1470 τα
823 1404 1089 1490 προστεταγμένα

135 1501 199 1589 ὑφ’
212 1500 307 1590 ὑμῶν
317 1507 419 1571 ἐποίει
429 1502 511 1570 κατά
528 1499 568 1570 τά
586 1507 797 1590 ψηφίσματα,
819 1500 915 1570 κάλει
930 1498 1014 1582 τοός
1030 1503 1092 1611 έκεί

136 1600 492 1691 καρόνταςμάρτυρας.

492 1738 753 1801 ΜΑΡΤΥΡΕΣ..

221 1837 306 1919 Λέγε
316 1830 422 1919 δήκαὶ
432 1829 494 1918 τήν
503 1834 619 1916 ἑτέραν
626 1835 822 1917 μαρτυρίαν,
834 1824 1092 1914 ἀπρόςΕάιιλελ-

139 1937 202 2017 δην
211 1930 356 2015 ὕστερον
366 1929 510 2000 ἐλθόντα
521 1934 653 1998 τουτονὶ
664 1927 864 2017 ἀπεκρίνατο
875 1934 1053 2008 Φίλιππος.

492 2066 730 2128 ΜΑΡΊῪΡΙΑ.

79 2185 130 2242 163
214 2155 286 2226 Ὅτι
302 2167 420 2226 τοίνυν
430 2154 502 2226 οὐδ
517 2157 655 2246 ἀρνησίς
666 2161 755 2226 ἐστιν
766 2153 928 2236 αὐτοίςτό
940 2157 988 2244 μή
999 2151 1091 2225 ταῦθ’

138 2255 223 2343 ὑπὲρ
236 2263 404 2325 Φιλίππου
415 2257 586 2342 πράττειν,
609 2255 776 2325 ἀκούσατέ
784 2281 860 2342 μου.
893 2253 951 2325 ὅτε
961 2255 1029 2342 γὰρ
1038 2255 1093 2340 τήν

139 2358 306 2441 προτέραν
322 2355 498 2444 ἀπήραμεν
515 2363 695 2445 πρεσβείαν
712 2354 774 2443 τήν
792 2358 867 2441 περὶ
881 2362 943 2442 τῆς
955 2356 1093 2443 εἰρήνης,

138 2458 269 2543 κήρυκα
289 2452 384 2542 ὑμεῖς
404 2463 680 2542 προαπεστείλατε
700 2454 791 2533 ὅστις
814 2452 893 2540 ἡμῖν
921 2461 1092 2523 σπείσεται.

137 2554 211 2623 τότε
222 2556 283 2642 μέν
293 2563 418 2644 τοίνυν,
432 2554 476 2636 ὡς
485 2556 619 2642 τάχιστα
630 2551 800 2638 είςΏρεόν
809 2546 932 2640 ἦλθον,
944 2551 1012 2622 οὐκ
1024 2552 1094 2621 ἀνέ-

138 2680 257 2740 μειναν
277 2654 338 2723 τόν
357 2655 487 2743 κήρυκα
508 2652 582 2722 οὐδ’
607 2656 804 2740 ἐνεποίησαν
820 2652 948 2738 χρόνον
964 2650 1093 2733 οὐδένα,

135 2744 233 2820 ’Ἅλου
248 2750 285 2818 δέ
301 2757 586 2838 πολιορκουμένου
604 2756 801 2820 διέπλευσαν
812 2757 864 2828 ἐίς
879 2759 1025 2834 τοῦτον,
1046 2749 1095 2819 καὶ

138 2851 240 2919 πόλιν
261 2851 421 2919 ἐντεῦθεν
437 2848 521 2934 πρὸς
537 2858 757 2938 Παρμενίωνα
772 2851 832 2918 τόν
850 2857 1094 2936 πολιορκοῦντα

138 2949 330 3029 ἐξελθόντες
341 2947 475 3037 ἀπῆραν
486 2949 539 3018 διά
550 2960 613 3018 τοῦ
624 2958 784 3037 πολεμίου
795 2950 1046 3036 στρατεύματος
1056 2953 1095 3024 είς

137 3049 368 3134 Παγασάς,καί
377 3051 550 3137 προϊόντες
559 3049 716 3138 ἀπήντων
725 3053 897 3138 ένΛαρίση
906 3058 956 3140 τῷ
963 3049 1093 3136 κήρυκι·

80 3167 131 3222 164
138 3147 283 3236 τοσαότη
294 3156 425 3237 σπονδῇ
440 3155 495 3219 καὶ
512 3161 685 3240 προθυμίᾳ
701 3151 771 3219 τότ’
788 3151 955 3236 ἐχώρουν·
989 3143 1095 3230 ἐπειδὴ

138 3254 175 3317 δ’
193 3248 306 3336 είρήνη
323 3243 455 3338 μὲνήν,
477 3251 590 3320 ἅπασα
603 3254 635 3319 δ’
650 3250 816 3337 ἀσφάλεια
827 3253 913 3319 ίέναι
924 3251 983 3319 καὶ
994 3247 1095 3335 πρόσ-

138 3373 246 3434 ταγμα
264 3347 344 3434 παρ’
362 3344 458 3435 ὑμῶν
480 3351 653 3435 σπεόδειν,
678 3355 860 3435 τηνικαῦτα
882 3345 956 3415 οὔτ’
973 3351 1094 3432 ἐπείγε-

30 3437 43 3451 “
140 3453 222 3512 σθαι
237 3451 429 3533 βαδίζουσιν
440 3447 518 3517 οὔτε
535 3457 630 3518 πλεῖν
647 3447 760 3528 αάτοίς
776 3447 879 3536 έπήει.
911 3454 948 3515 τί
960 3447 1092 3534 δήποτες
