2340 3894
146 184 209 250 264
353 188 448 245 xvlu.
486 184 794 253 ΔΗΜΟΣΘΕΝ
798 189 827 249 0
838 190 906 250 ΤΣ

147 359 221 414 πεῖν
232 357 300 426 τοῖς
311 347 429 425 ἄλλοις.
453 352 556 412 ταῦτα
564 347 819 432 πέπρακταίμοι.
843 350 898 415 καὶ
908 352 955 414 ἔτι
965 345 1106 441 τάςέκεη-

148 451 271 531 σταχοῦ
282 442 533 531 βραδυτῆτας,”
514 468 651 529 οκνονς,
670 441 822 532 άγνοίας,
845 443 1106 532 φιλονεικίας,ά

147 540 298 612 πολιτικά
310 557 379 622 ταῖς
390 543 506 611 πόλεσι
521 539 699 626 πρόσεστιν
715 542 857 624 ἁπάσαις
868 547 923 613 καί
940 543 1142 672 άναγκαῖαδῖ

147 639 374 730 ἁμαρτήματα,
387 637 483 709 ταῦθ’
497 637 541 719 άς
553 647 598 719 είς
609 642 759 726 ἐλάχιστα
771 652 947 730 συστεῖλαι,
961 646 1016 712 καὶ
1026 643 1107 712 τού-

147 747 285 809 ναντίον
303 747 348 820 είς
332 738 531 826 ςὸμόνοιαν
552 743 607 808 καὶ
629 748 745 824 φιλίαν
765 744 903 810 καὶτοῦ
922 741 963 811 τά
986 749 1106 812 δέοντα

150 854 257 908 ποιεῖν
267 836 376 926 ὁρμὴν
386 844 578 925 προτρέψαι.
610 842 665 906 καὶ
681 840 785 908 ταυτά
797 866 854 926 μοι
863 841 975 910 πάντα
987 852 1105 910 πεποί-

148 966 238 1025 ηται,
261 942 317 1006 καὶ
334 935 443 1016 οὐδεὶς
459 935 582 1024 μήποθ’
597 927 678 1024 εύρη
690 937 726 1005 τό
741 937 809 1006 κατ’
821 938 876 1026 ἐμὲ
886 938 990 1025 οὐδέν
1000 943 1100 1008 έλλει·

84 1041 247 1122 λλλφθέν.
281 1044 311 1103 εί
327 1043 442 1104 τοίνυν
460 1062 508 1115 τις
533 1041 638 1121 ἔροιτο
651 1033 809 1104 ὁντινοῦν
823 1044 888 1105 τίσι
905 1040 947 1105 τά
968 1047 1104 1108 πλεῖστα

59 1221 63 1228 .
147 1141 309 1211 Φίλιππος
321 1125 369 1201 οἷν
380 1134 561 1218 κατέπραξε
573 1135 768 1222 διῳκήσατο,
791 1136 911 1216 πάντες
922 1133 966 1204 άν
977 1147 1103 1207 εῖποιευ

146 1241 192 1322 τῷ
210 1236 421 1320 στρατοπέδῳ
438 1234 557 1321 καὶτῷ
574 1232 705 1301 διδόναι
726 1236 780 1302 καὶ
799 1238 1012 1322 διαφθείρειν
1023 1235 1101 1317 τούς

145 1334 198 1400 ἐπὶ
215 1339 283 1399 τῶν
299 1330 511 1417 πραγμάτων.
539 1329 666 1399 οὐκοῦν
683 1339 752 1400 τῶν
761 1335 822 1418 μὲν
835 1333 1015 1420 δυνάμεων
1026 1334 1101 1403 οὔτε

74 1488 79 1497 .
146 1432 263 1516 κύριος
274 1429 349 1500 οὔθ’
362 1428 497 1519 ἡγεμάν
512 1424 557 1516 ἦν
570 1428 652 1516 έγά,
676 1430 759 1498 άστε
777 1428 851 1498 οὐδ’
875 1431 892 1498 ὁ
917 1433 1018 1517 λόγος
1034 1441 1101 1501 τάν

144 1529 227 1598 κατά
246 1538 350 1598 ταῦτα
371 1532 589 1614 πραχθέντων
607 1526 689 1614 πρός
710 1532 773 1614 έμέ.
815 1531 870 1596 καὶ
886 1528 954 1616 μην
970 1539 1019 1621 τῷ
1029 1537 1101 1599 δια·

145 1639 320 1748 φθαρῆγαι
330 1628 499 1749 χρημασιν
514 1622 537 1712 ἦ
552 1626 596 1714 μὴ
615 1628 800 1712 κεκράτηκα
818 1634 1004 1694 Φιλίππου·
1034 1629 1100 1696 οἵσ-

145 1755 206 1813 περ
228 1726 294 1814 γάρ
321 1725 339 1794 ὁ
368 1724 560 1811 ὠνούμενος
587 1732 739 1810 νενίκηκε
767 1722 828 1792 τὸν
850 1725 1019 1811 λαβόντα,
1042 1724 1099 1795 ἐάν

144 1835 293 1912 πρίηται,
331 1823 477 1904 ούτωςὸ
503 1823 547 1911 μὴ
578 1823 693 1944 λαχλύν
719 1823 801 1944 μηδε
823 1826 1024 1935 διαφθαρεὶς
1044 1850 1098 1933 νμ-

143 1933 258 2044 νίκηκε
279 1917 340 1992 τόν
364 1922 609 2010 ω’νούμενον.
612 1921 695 1989 Am
718 1920 877 2008 ἀήττητος
901 1919 922 2006 ἡ
946 1923 1043 2001 πόλις
1062 1910 1096 1988 τό

140 2049 200 2090 κατ
204 2020 309 2188 ’ἐμέὲ

48 2153 51 2159 ·
80 2133 133 2188 248
221 2118 259 2188 A
270 2148 293 2206 μ
295 2123 457 2188 ὲντοίνυυ
473 2118 536 2206 ἐγά
555 2118 768 2205 παρεσχομην
779 2125 824 2197 είς
837 2144 873 2185 το
864 2115 1022 2199 δικαίως
1031 2145 1096 2187 τοι-
1123 2144 1126 2151 ’

119 2296 127 2311 ·
144 2226 229 2286 αὐτα
239 2219 384 2305 γράφειν
395 2220 527 2287 τουτονὶ
539 2220 615 2305 περὶ
625 2221 709 2303 ἐμοῦ
715 2268 724 2300 ,
738 2216 821 2302 πρὸς
831 2226 967 2298 πολλοῖς
979 2220 1096 2303 ἑτέροιο

143 2325 246 2385 ταῦτα
263 2319 318 2385 καὶ
337 2316 551 2403 παραπλήσια
568 2316 699 2407 τούτοις
714 2319 818 2384 ἐστίν·
842 2313 864 2382 δι’
880 2313 913 2382 δ’
927 2320 963 2384 οί
979 2317 1096 2395 πάντες

143 2413 253 2502 ὑμεῖς,
275 2413 369 2483 ταῦτ’
384 2413 448 2502 ἤδη
467 2418 557 2494 λέξω.
590 2412 670 2500 μετά
683 2412 748 2500 γάρ
765 2414 826 2499 την
843 2413 951 2501 μάχην
963 2407 1096 2495 εύθύςδ

145 2519 258 2602 δῆμος,
272 2514 367 2593 είδάς
375 2518 430 2584 καὶ
441 2512 588 2599 έορακάς
598 2513 706 2581 πάντα
720 2510 782 2580 ὅσα
793 2515 956 2597 ἔπραττον
968 2512 1050 2598 ἐγώ,
1062 2515 1094 2581 έν

143 2612 256 2694 αὐτοῖς
266 2610 467 2694 τοῖςδεινοῖς
478 2614 533 2680 καὶ
544 2620 700 2699 φοβεροῖς
710 2608 911 2698 έμβεβηκάς,
923 2608 1009 2696 ἡνίκ’
1023 2607 1094 2678 οὐδ’

69 2714 71 2739 ²
142 2709 380 2797 ἀγνωμονῆσαί
386 2739 417 2779 τι
426 2707 625 2796 θαυμαστόν
635 2703 677 2796 ἦν
689 2708 766 2793 χούς
781 2709 926 2790 πολλοὺς
937 2710 1023 2798 πρὸς
1033 2709 1095 2796 ἐμὲ,

143 2818 277 2893 πρῶτον
294 2811 356 2894 μέν
374 2812 449 2892 περὶ
466 2816 627 2893 σωτηρίας
643 2816 702 2893 τῆς
712 2807 839 2886 πόλεως
849 2806 907 2886 τάς
917 2805 997 2893 ἐμάς
1008 2809 1095 2893 γνά-

140 2907 203 2994 μας
225 2906 435 2993 ἐχειροτόνει,
459 2904 638 2974 καὶπάνθ’
662 2903 725 2973 ὅσα
747 2913 804 2990 της
827 2912 979 2990 φυλακῆς
1002 2905 1094 2972 ἕνεκα

140 3007 326 3092 ἐπράττετο,
339 3003 359 3092 ἡ
373 3005 515 3085 διάταξις
527 3013 594 3071 τοῖν
608 3003 787 3089 φυλάκων,
801 3007 838 3068 ac
852 3001 986 3090 τάφροι,
1000 3003 1044 3087 τάΙ
1053 3008 1095 3081 είς

140 3105 180 3173 τά
192 3111 279 3190 τείχη
296 3105 463 3191 χρήματα,
478 3103 531 3172 διά
548 3110 616 3171 τῶν
628 3106 717 3188 ἐμῶν
734 3102 956 3188 ψηφισμάτων
970 3102 1142 3191 έγίγνε-ιλο

139 3231 192 3274 το’
216 3200 320 3271 ἔπειθ’
333 3204 533 3289 αἱρούμενος
546 3202 690 3287 σιτοίνην
708 3204 743 3268 ἐκ
760 3200 896 3268 πάντων
907 3201 963 3288 ἐμὲ
974 3204 1096 3286 έχειρο-

75 3304 282 3388 249τόνησεν
300 3298 318 3368 ὁ
338 3306 448 3387 δῆμος.
481 3305 537 3369 καὶ
554 3299 634 3386 μετά
652 3307 755 3367 ταῦτα
774 3300 971 3367 συστάντων
988 3295 1039 3377 οἷς
1055 3290 1096 3385 ἦν

138 3398 287 3486 ἐπιμελές
298 3409 410 3479 κακῶς
422 3399 476 3486 ἐμὲ
488 3413 606 3485 ποιεῖν,
620 3400 676 3466 καὶ
688 3397 836 3484 γραφάς,
849 3396 1017 3481 εὐθύνας,
1031 3402 1098 3465 ελσ-
