2340 3894
118 187 217 233 cxxiv
515 162 771 223 chuononoota

121 327 259 397 Βατάλου
280 351 451 408 cognomen,
474 335 558 405 cujus
573 332 610 388 de
628 332 738 403 origine
756 335 784 386 et
804 332 1026 404 significatione,
1046 348 1128 405 quam

118 421 296 479 calumniose
313 419 429 475 detorsit
442 417 601 474 Aeschines
609 419 641 485 ¹),
659 416 727 471 nihil
738 417 807 471 certi
818 413 980 472 constitisse
991 430 1130 489 gramma·

120 507 183 561 ticis
198 506 258 575 ipse
276 520 374 559 eorum
386 504 534 558 dissensus
546 493 679 572 argunt),
693 516 811 570 quorum
826 499 1061 556 hariolationibus
1077 502 1129 556 etsi

117 585 265 646 Sohaeleri
287 587 423 642 sententia
440 585 626 656 praeferenda
646 583 758 637 videtur
781 583 903 654 (Appar.
926 583 964 639 ad
988 583 1129 640 Demosth.

119 674 177 728 vol.
192 678 219 729 1.
234 687 262 742 p.
279 673 363 740 lta),
386 669 475 741 quiid
495 670 530 724 ab
544 668 657 739 linguae
677 668 745 722 vitio
767 684 823 738 quo
835 667 1040 723 Demosthenes
1057 669 1128 723 labo

118 756 225 826 ravit‘)
248 752 434 811 derivandum
462 768 527 834 esse
556 751 680 819 censuit,
704 751 810 807 rectius
836 756 946 819 temen,
970 758 1001 808 ut
1020 751 1129 824 opinor,

123 875 322 887 --——

116 951 188 1017 δης,
211 945 259 999 καλ
278 942 331 1014 τὴν
353 946 580 1015 λοιδορουμένην
602 941 780 1014 ἐπωνυμίαν,
797 939 849 999 τὸν
866 940 1010 1013 Βάταλον,
1034 944 1078 1007 τίς
1098 940 1130 998 τὸ

117 1021 200 1086 σῶμα
219 1012 324 1082 λέγεται
344 1011 543 1083 σκωπτόμενος
559 1009 617 1068 ὑπὸ
633 1015 692 1067 τῶν
710 1016 824 1067 παίδων
841 1014 946 1084 λαβεῖν.
964 1072 979 1096 Ὦ
1022 1074 1089 1133 ω’

118 1148 160 1207 δι’
190 1078 1070 1220 άάοὲθροάιαριγαίαάθξῗάάςκαάθκιάαιάίάάῗλάτέάλάὲάέἶΞάίδοιτ
1098 1149 1117 1203 δ

115 1217 363 1288 ἀπαλλαττόμενος
389 1219 437 1272 καλ
459 1216 684 1281 δεκαταλάντους
706 1220 790 1280 δίνας
811 1213 918 1290 ἕκάοτςο
940 1219 1001 1273 τῶν
1017 1212 1129 1287 dustod-

120 1309 185 1345 πων
203 1286 351 1358 λαγχάνων
368 1282 464 1358 Ἀργᾶς
488 1283 610 1357 ἐκλήθη,
633 1284 707 1356 ἀνὴρ
730 1288 763 1342 δὲ
780 1282 933 1357 γενόμενος
955 1288 1130 1357 aposellam·

119 1355 174 1427 τὴν
189 1358 246 1411 τῶν
266 1358 402 1426 πονηρῶν
424 1353 526 1427 κοινὴν
546 1352 723 1424 ἐπωνυμίαν,
751 1350 941 1424 συκοφάντης.
971 1369 997 1409 et
1013 1360 1131 1411 similiter

118 1432 148 1482 iu
164 1439 227 1481 orat.
244 1429 408 1483 α.’1’1ηιοιολι,
427 1431 451 1492 s.
475 1431 531 1480 126.
556 1428 615 1483 131.
634 1444 660 1494 p.
682 1430 722 1486 17,
741 1429 902 1487 421827.
923 1429 966 1477 ubi
981 1426 1130 1479 Demosthe·

120 1514 179 1552 uem
201 1500 338 1549 introducit
362 1498 487 1548 dicentem
507 1512 647 1564 cognomen
666 1491 695 1559 ἐξ
713 1488 944 1561 ὑποκορίσματος
959 1494 1065 1563 τιτθῆς
1081 1494 1131 1547 stoi

119 1571 157 1621 im
176 1569 268 1618 ositum
286 1580 351 1619 esse.

157 1584 219 1693 pb)
243 1635 368 1685 Plutarch.
396 1635 450 1684 Vit.
485 1634 556 1685 Dem.
585 1652 608 1684 c.
640 1638 667 1686 4.
688 1623 777 1700 sivd'
803 1625 818 1684 ὁ
840 1625 982 1698 Βάταλος,
1014 1624 1055 1690 ὥς
1079 1626 1131 1698 pls

120 1695 197 1754 ενιοί
221 1716 323 1769 φασιν,
356 1692 481 1782 αὗλητης
508 1701 565 1752 τῶν
597 1695 788 1767 κατεαγότων,
821 1697 869 1751 καὶ
898 1692 1058 1766 δραμάτιον
1090 1694 1131 1759 εἰς

120 1769 206 1822 τοῦτο
229 1766 375 1838 κωμῳδῶν
398 1763 488 1821 αὐτον
514 1764 681 1836 Ἀντιφάνης
704 1769 870 1835 πεποίηκεν.
906 1764 979 1821 ἔνιοι
1002 1766 1036 1820 δέ
1056 1782 1131 1827 τινες

119 1832 160 1900 ὥς
176 1838 299 1905 ποιητοῦ
314 1832 440 1903 τρυφερά
462 1835 510 1888 καλ
526 1839 664 1902 παροίνια
682 1832 844 1904 γράφοντος
865 1836 918 1888 τοῦ
934 1831 1066 1889 Βατάλου
1084 1832 1130 1905 μά-

81 1956 86 1965 ,
120 1923 251 1986 μνηνται.
294 1906 375 1992 desei
397 1903 430 1957 δὲ
454 1904 503 1986 καλ
525 1907 591 1987 τῶν,
605 1900 658 1958 οὐκ
687 1900 839 1986 arianensia
865 1921 893 1955 τι
916 1906 1058 1983 λεχθῆναι
1077 1905 1131 1957 τοῦ

120 1989 250 2095 illiti
264 1974 1131 2111 littllht‘tltt..thahath”hiltitntffili

122 2110 233 2162 tulerunt
250 2111 427 2165 Pseudo-Plut.
455 2113 508 2163 Vit.
525 2113 612 2163 decem
626 2121 691 2164 orat.
711 2129 737 2178 p.
753 2113 805 2165 844
821 2115 852 2168 11.
888 2114 1012 2164 libanius
1033 2116 1060 2164 in
1070 2114 1130 2163 vlu

119 2180 252 2299 ἓοιῖιοεῑδ.
263 2195 298 2301 ὲ).
318 2182 344 2300 23,
361 2181 405 2231 22.
436 2180 523 2233 Sehol.
543 2182 678 2232 Aeschinis
692 2196 718 2247 p.
736 2181 779 2232 32.
798 2190 822 2231 et
833 2182 877 2233 61.
895 2183 936 2236 ed.
951 2181 1033 2234 Oxou.
1051 2180 1130 2233 Phot-

189 2264 221 2380 οξ
235 2284 429 2370 Demosthenem
444 2320 547 2383 literam
566 2319 614 2371 rho
631 2321 796 2386 pronuntiare
816 2334 866 2369 non
881 2321 998 2385 potuisse
1022 2321 1130 2384 primur,

120 2395 148 2439 ut
166 2388 280 2446 videtur,
307 2390 420 2439 narravit
434 2389 578 2440 Demetrius
601 2388 752 2453 Phalereus,
772 2389 815 2451 qui
835 2388 1030 2440 Demosthenem
1041 2390 1131 2439 vireu·

119 2464 171 2506 tem
196 2457 306 2518 viderat,
332 2466 485 2509 memoratus
510 2473 525 2507 a
548 2456 682 2509 Plutarcho
704 2460 729 2507 ln
755 2458 814 2505 Vita
840 2456 973 2509 Demosth.
997 2473 1022 2510 ο.
1047 2458 1090 2509 11.
1106 2464 1132 2509 et

119 2525 241 2575 Cicerone
261 2524 292 2574 de
318 2526 399 2578 divin.
423 2528 449 2585 2,
474 2525 517 2582 to,
535 2526 571 2583 a,
590 2535 648 2590 post
668 2526 715 2576 hoa
737 2524 918 2579 Pseudo-Plut.
940 2526 965 2575 in
977 2526 1045 2576 Vitis
1065 2534 1129 2579 orat.

120 2607 146 2656 p.
161 2594 213 2642 844
224 2593 256 2645 D.
273 2606 330 2641 oum
346 2608 426 2655 eoque
438 2593 542 2641 Photius
555 2592 621 2642 Bibl.
640 2609 666 2657 p.
682 2594 742 2653 498,
760 2597 797 2653 5.,
817 2594 931 2644 Zosimus
945 2596 971 2644 iu
983 2594 1043 2644 Vita
1055 2592 1129 2644 Deru.

120 2674 146 2723 p.
159 2659 203 2719 20,
216 2662 241 2712 2.
252 2660 308 2721 (nbi
328 2663 405 2710 etiam
423 2653 476 2723 τὴν
493 2652 585 2724 ἀκοὴν
595 2653 724 2726 ἀσθενὴς
742 2663 822 2713 luisse
845 2661 961 2727 dicitur),
981 2667 1131 2728 anonymus

119 2727 183 2777 ibid.
207 2741 233 2790 p.
253 2727 295 2785 25,
315 2728 357 2780 10.
382 2736 406 2777 et
430 2729 568 2792 scriptores
587 2729 687 2791 Latini,
718 2730 805 2783 Cicero
825 2734 858 2782 de
875 2728 983 2791 orat.'l‚
1001 2733 1046 2792 ut.
1067 2731 1130 2783 200.

119 2794 270 2854 Quintilian.
296 2796 356 2845 lnst.
383 2810 419 2846 or.
447 2797 531 2861 1,11,
553 2799 578 2848 5.
616 2799 657 2858 11,
679 2800 703 2863 3,
732 2801 775 2849 54.
799 2800 884 2852 valer.
910 2800 979 2853 Max.
1002 2801 1029 2861 8,
1052 2802 1079 2863 7,
1104 2798 1130 2849 l.

119 2862 261 2912 Demetrius
275 2863 412 2914 Phalereus
425 2865 472 2915 etsi
484 2864 535 2915 llde
547 2867 634 2930 paullo
650 2868 753 2933 dignior
770 2876 808 2917 est
826 2883 903 2931 quam
922 2869 965 2917 alii
980 2866 1131 2935 philosophi

120 2932 282 2996 peripatetici
301 2932 413 2998 quidam,
432 2934 477 2996 qui
494 2934 633 2999 plurimum
652 2950 745 3000 operae
763 2936 788 2984 iu
807 2933 966 3005 βιογραφίᾳ
980 2945 1132 3002 posuerunt,

118 2998 224 3049 multum
237 3005 322 3049 tamea
336 3002 408 3053 abest
420 3014 446 3050 ut
459 3005 545 3053 anania
558 3004 777 3067 qrraePlutarchus
793 3020 815 3054 c.
824 3006 865 3058 ll.
881 3014 983 3056 auctore
992 3005 1130 3065 Demetrio,

118 3068 169 3117 etsi
185 3067 307 3136 admixtis
324 3069 432 3122 tortasse
455 3071 583 3123 nonnullis
600 3074 704 3123 aliunde
717 3081 821 3133 sumtis,
845 3076 957 3123 narravit
978 3076 1072 3140 partim
1091 3076 1131 3124 ni·

120 3137 171 3185 mis
189 3138 253 3186 mira
264 3145 289 3186 et
307 3152 388 3203 prope
405 3139 513 3191 ridicula
532 3156 578 3205 pro
596 3143 663 3192 veris
681 3142 770 3191 haberi
792 3143 901 3206 possint.
937 3142 1059 3193 Demetrii
1072 3158 1130 3193 nm·-

120 3206 243 3256 rationem
268 3206 378 3286 bfevite'r
399 3209 481 3291 tetigit
501 3210 643 3288 Dionysias
666 3211 698 3260 de
723 3210 862 3286 admir3vi
883 3211 1060 3291 Demosthe.
1084 3211 1126 3262 53.

119 3273 308 3408 {offleii
323 3273 530 3409 ilintate}
546 3273 1130 3428 tti253¹.'tt²t.⁹ttt.tlt.t?ttii

117 3403 202 3472 φάσει
220 3404 293 3476 πρὸς
309 3409 399 3462 ταῦτα
413 3404 448 3463 οὐ
465 3406 542 3464 πάνυ
554 3405 667 3480 adroget
679 3407 867 3479 χρησάμενος,
884 3428 924 3474 ως
932 3413 1096 3482 Δημήτριος
1111 3405 1130 3465 ὅ
