2340 3894
475 181 688 241 PRAEFATIO.
1030 195 1069 239 lx

63 351 169 408 codicis
186 350 286 405 ultima
300 355 359 416 est,
386 363 453 420 pars
468 357 592 404 extrema
615 352 657 420 (p.
678 352 739 414 ill,
763 351 910 418 la-aaa
933 352 998 417 16),
1019 350 1065 405 661

63 430 238 504 supplendae
254 434 358 504 pagina
370 448 461 488 vacua
471 438 610 503 superest.
628 432 797 499 rorationes,
808 433 1071 504 interjeclisProoez
1091 425 1094 431 ’

61 518 124 572 miis
140 515 345 587 Epistolisque,
363 514 417 571 hoc
432 515 530 570 ordine
552 531 616 570 sese
638 516 793 585 excipiunt,
813 520 898 574 1-4.
913 520 940 573 8
954 516 982 570 7.
995 523 1021 574 5.
1036 521 1064 575 6.

61 607 151 660 9.10.
179 605 221 657 11.
245 603 548 657 1116138011.
572 603 614 657 18.
635 603 677 658 19.
700 603 745 655 95.
764 603 807 657 16.
830 604 873 656 59.
891 602 934 658 36.
954 605 998 658 45.
1020 603 1064 658 46.

61 688 105 741 37.
129 687 176 740 38.
191 687 325 741 81-35.
347 684 502 737 Prooemia
531 681 674 752 Epistulae
692 683 812 753 quinque
834 684 874 749 (1.
896 687 923 738 4.
937 688 965 740 1.
978 690 1003 740 5.
1022 687 1065 751 d.)

60 771 183 826 17-31.
200 770 243 822 54.
259 769 301 823 56.
324 769 368 822 48.
383 767 427 823 47.
449 771 493 823 55.
509 771 552 822 50.
573 771 616 822 51.
638 769 681 822 53.
696 771 742 824 49.
760 771 802 822 51.
820 767 942 823 39-44.
960 769 1004 822 57.
1019 769 1066 823 58.

61 856 102 910 61.
119 854 164 907 00.
185 852 286 906 1314.
303 852 342 906 16.
364 854 407 906 15.
429 851 471 906 17.
500 849 676 918 Argumenta
691 849 930 903 orationibusnon
941 846 1066 903 suntad·

61 934 166 1002 scripta
178 932 232 986 nisi
245 931 352 987 duabus
364 938 391 986 et
401 932 500 1003 viginti
512 932 551 997 (4.
567 935 688 989 37-51.
701 934 847 998 53-68.),
871 947 988 1002 quorum
1010 932 1067 1000 pri·

61 1032 134 1070 mum
150 1016 248 1070 manui
270 1014 385 1070 debetur
402 1017 505 1081 seculi,
527 1020 556 1069 ut
577 1015 705 1081 videtur,
720 1015 876 1084 undecimi,
900 1016 1008 1085 6611666
1030 1015 1066 1070 ab

58 1099 181 1155 librariis
203 1098 301 1153 aetatis
319 1099 460 1169 aliquanto
481 1098 621 1154 interioris
642 1097 752 1168 adjecta
773 1103 845 1153 sunt.
877 1097 1066 1166 Orationibus,

60 1180 215 1237 Prooemiis
237 1187 265 1234 et
285 1179 418 1251 Epistolis
439 1182 611 1252 subscriptus
633 1182 795 1251 plerumque
817 1196 949 1236 versuum
971 1196 1066 1235 nume-

61 1282 108 1320 rus
125 1281 162 1318 ex
178 1262 334 1335 antiquiore
352 1271 479 1335 sumptus
497 1266 664 1335 exemplaris
679 1280 749 1334 quos
764 1278 897 1319 numeros
912 1263 1067 1319 memoravi
1092 1262 1098 1283 ¹

61 1350 88 1403 in
107 1347 233 1403 editione
248 1347 412 1406 Oxonionsi.
442 1348 620 1405 Orationibus
642 1347 874 1404 tredecim-15.
899 1337 950 1421 (ξέ
967 1362 1066 1402 66666·

62 1432 127 1487 dum
149 1430 260 1486 codicis
275 1425 427 1502 ordinem).
456 1437 501 1487 40.
519 1420 736 1504 (ιε’.).11.(ις’.)
755 1434 799 1490 27.
817 1419 895 1504 (λζ.)
917 1435 960 1487 18.
982 1419 1067 1504 (tq'.)

60 1521 102 1574 a·
120 1503 210 1588 (a.)
226 1518 270 1572 ³1·
287 1504 374 1588 66)
391 1519 434 1571 a.
463 1503 551 1588 aa)
571 1519 616 1572 e·
638 1505 728 1588 66.)
756 1503 888 1589 aaz>
911 1517 954 1570 6
979 1501 1066 1588 (ue)

61 1603 100 1656 56.
117 1586 205 1672 (μγῖ)
217 1601 261 1654 58.
277 1586 340 1671 (ξ.)
351 1626 388 1638 -
403 1599 588 1668 subscriptum
601 1588 789 1671 διορθώσεως
799 1598 911 1668 signum
926 1592 1066 1651 Δ.661Δ.

61 1727 194 1806 μετρίως,
217 1729 302 1800 16666
324 1747 340 1785 6
365 1729 473 1786 666666
498 1731 641 1798 manibus,
664 1746 781 1801 quarum
807 1731 883 1800 prior
911 1677 968 1785 adn
994 1675 1066 1787 uitia

62 1816 218 1869 orationem
238 1803 296 1885 μα’.
318 1814 469 1885 prooessit:
492 1813 527 1869 66
551 1815 694 1886 66616166
715 1814 850 1868 dicemus.
895 1813 1067 1884 Frequentes

63 1898 160 1952 calami
177 1897 275 1967 lapsus
293 1914 360 1952 snos
372 1898 501 1953 librarius
518 1914 604 1968 saepe
620 1898 680 1968 ipse
697 1897 826 1963 correxit,
844 1899 992 1953 verborum
1014 1903 1066 1952 tra·

61 1983 195 2051 jeclorum
211 1979 338 2035 ordinem
358 1987 464 2047 rectum
484 1983 600 2036 restituit
614 1981 748 2051 appositis
770 1979 895 2048 lineolis,
913 1980 1067 2052 dequibus

64 2063 154 2118 dicam
172 2064 245 2116 inira
260 2065 287 2118 in
303 2064 479 2119 annotatione
496 2063 533 2118 ad
548 2081 574 2135 p.
590 2067 633 2132 58,
650 2068 687 2132 9.,
709 2065 802 2119 literas
818 2063 938 2134 denique
953 2065 1000 2120 vel
1017 2080 1066 2118 vo-

63 2148 160 2201 cabula
177 2147 286 2218 integra
300 2147 372 2201 inter
390 2146 568 2204 scribendum
585 2149 619 2202 ab
637 2163 667 2203 66
683 2148 788 2201 omissa
803 2147 887 2201 modo
904 2163 988 2218 supra
1002 2162 1066 2202 ver-

65 2246 120 2297 sus,
133 2229 220 2284 modo
237 2230 265 2284 in
280 2231 451 2300 marginibus
466 2231 618 2301 supplevit=
635 2246 706 2301 quae
720 2229 868 2301 diligenter
881 2228 1079 2285 discernenda.

64 2315 177 2368 suntab
200 2313 317 2368 aliarum
339 2329 469 2368 manuum
490 2315 537 2369 vel
558 2313 776 2368 correctionibus
792 2315 837 2367 661
860 2313 1067 2368 additamentis.

63 2395 131 2450 Nam
150 2411 223 2466 quas
239 2385 368 2451 librarius
384 2397 445 2471 ipse
461 2399 524 2452 iecit
537 2396 645 2466 primae
656 2397 822 2471 ⁴scripturae
847 2395 1067 2462 emendationes,

62 2476 89 2532 iu
102 2476 148 2534 his
166 2478 234 2533 nihil
246 2494 366 2550 usquam
381 2485 423 2534 est
439 2479 514 2551 6666
529 2480 574 2536 661
587 2477 759 2532 levissimam
775 2478 958 2547 interpolatae
974 2475 1068 2531 166116-

61 2562 105 2616 nis
119 2563 312 2632 suspicionem
328 2563 451 2618 excitare
464 2562 567 2634 possit:
585 2559 668 2616 66166
685 2560 798 2616 6166666
813 2576 882 2615 6666
896 2578 948 2617 666
965 2560 1068 2617 1161666

62 2648 116 2698 tam
136 2646 224 2700 666116
245 2646 457 2717 circumscripta
475 2646 525 2701 suit
547 2645 664 2700 aliorum
687 2661 772 2716 quum
793 2651 918 2700 veterum
941 2652 997 2701 tum
1024 2659 1068 2698 re·

63 2727 216 2782 eentiorum
238 2744 325 2798 opera
340 2735 537 2796 correctorum,
553 2729 599 2799 qui
615 2728 719 2798 aliquot
736 2728 821 2782 millia
835 2729 990 2797 literarum,
1010 2728 1068 2800 syl-

63 2811 198 2877 iabarum,
221 2812 422 2867 vocabulorum
445 2813 482 2867 ita
499 2818 645 2867 eraserunt
660 2817 689 2865 ut
704 2812 842 2882 scriptura
856 2818 938 2867 vetus
953 2813 1015 2866 aliis
1039 2812 1068 2866 in

62 2894 130 2949 locis
152 2894 266 2965 penitus
287 2893 322 2948 sit
342 2896 500 2963 obliterata,
527 2896 556 2950 in
579 2895 658 2963 aliis,
682 2895 706 2949 si
728 2894 789 2964 quis
811 2895 955 2949 oculorum
977 2895 1067 2951 aciem

62 2977 201 3046 intendat,
230 2977 380 3033 etiamnum
404 2977 532 3050 indagari
553 2979 652 3049 possit.
684 2975 876 3047 Cujusmodic
898 2977 1068 3035 loaishooa
1164 2972 1167 2977 ’

62 3064 141 3118 66616
165 3060 336 3117 intellectum
358 3066 415 3128 est,
439 3063 492 3117 tria
512 3078 576 3118 6666
598 3061 802 3116 correctionum
823 3062 932 3116 illarum
953 3077 1067 3135 genera.

62 3145 141 3200 Aliae
163 3146 236 3201 enim
255 3144 412 3216 degenere
430 3151 494 3201 6661
510 3144 742 3216 orthographiae,
759 3144 829 3199 aliae
847 3146 875 3198 in
892 3144 1068 3216 corrigendis

63 3229 165 3285 librarii
179 3225 306 3301 peccatis
322 3233 486 3298 versantur,
509 3230 556 3300 qui
576 3229 685 3296 literas,
708 3243 824 3298 quarum
844 3230 891 3284 vel
912 3229 1001 3284 lorma
1022 3229 1068 3283 vel

64 3313 256 3382 pronunciatio
274 3303 374 3368 similis
390 3318 474 3382 esset,
490 3318 519 3366 ut
531 3309 566 3366 A
576 3311 656 3384 ΛΔ,
672 3312 718 3366 661
727 3309 777 3365 ΑΙ
789 3318 816 3366 et
830 3309 867 3384 E,
881 3309 937 3384 ΕΙ,
950 3311 969 3368 I
982 3316 1009 3365 et
1026 3308 1068 3380 H,

65 3397 230 3468 saepissime
247 3397 320 3451 inter
341 3413 372 3452 se
393 3394 574 3468 permutavit,
595 3394 752 3466 cujusmodi
775 3394 811 3450 de
831 3396 969 3467 peccatis,
995 3406 1068 3463 quae
