2340 3894
168 196 230 262 116
319 237 322 245 -
345 198 349 205 ’
377 196 474 254 .xv1.
506 190 931 255 ΔΗΜΟΣΘΕΝΟῬΣ

166 363 233 442 δελ,
256 364 287 427 εί
307 357 344 442 δδ
360 351 693 442 τοδςβοηθήσαυιας
714 346 759 418 άν
779 347 860 437 ἡμῖν
876 358 944 419 νῦν
961 348 1009 418 ἐπ’
1027 347 1135 420 αὐτόν

166 455 312 584 ἐχθροὺς
323 456 526 543 κτησόμεθα,
539 450 600 538 οὐχ
611 454 729 537 ἕξομεν
744 450 946 535 συμμάχους.
971 449 1036 534 ἐγὼ
1048 448 1131 519 δδτὸ

169 562 229 680 μὲν
239 564 443 642 κομίσασθαι
449 550 605 635 Ὠρωπόν
616 558 798 633 πειρᾶσθαι
814 554 886 617 δεῖν
896 573 984 636 φημι
999 548 1109 618 κάλ’
1067 576 1133 618 αν-

168 657 240 736 τός·
263 682 301 723 το
289 653 343 722 δ’
358 650 529 740 ἐχθρους
510 666 590 737 ημιυ
601 655 886 736 Λακεδαιμονίους
896 655 1053 735 ἔσεσθαι
1064 658 1133 717 νῦν

167 755 229 825 ἐάν
239 754 414 853 ποιώμεθα
425 752 619 837 συμμάχους
624 747 795 834 Ἀρκάδων
812 747 891 828 τούς
902 754 1132 835 βουλομένους

167 853 249 941 ἡμῖν
271 854 355 922 είναι
375 860 505 937 φίλους,
528 851 644 936 μόνοις
660 847 736 916 οὐδ’
749 856 853 918 εἰπεῖν
870 853 989 930 ἐξεῖναι
1006 856 1129 935 νομιζω

165 967 236 1032 τοῖς,
250 949 447 1021 πείσασιυ’
427 959 531 1035 υμᾶς,
555 947 594 1017 ότ
591 947 836 1018 ’ἐκινδύνευον
858 950 1166 1037 Λακεδαιμόνιοι,

124 1079 158 1132 12
166 1059 308 1139 βοηθεῖν
318 1047 439 1127 αὐτοῖς.
468 1053 503 1116 οί
513 1045 579 1133 γάρ
596 1057 700 1115 ταῦτα
711 1051 863 1135 λέγοντες
873 1055 1010 1118 ἔπεισαν
1027 1047 1116 1136 ὑμᾶς
1133 1059 1166 1114 20

167 1151 305 1218 πάντων
324 1154 609 1234 Πελοποννησίων
625 1148 798 1217 ἐλθόντων
815 1146 859 1226 ὡς
877 1147 963 1234 ὑμᾶς
975 1149 1031 1216 καὶ
1051 1146 1125 1233 μεθ’

166 1246 265 1335 ὑμῶν
274 1246 460 1328 άξιοόυτωυ
470 1249 524 1317 ἐπὶ
539 1246 619 1326 τούς
627 1254 912 1334 Λακεδαιμονίους
929 1253 1029 1334 ίέυαι,
1049 1248 1128 1326 τοὺς

166 1353 228 1436 μὲν
239 1345 284 1435 μὴ
295 1350 543 1432 προσδέξασθαι
559 1351 627 1432 (καὶ
647 1347 700 1415 διά
710 1346 818 1432 τοῦθ’,
835 1348 919 1434 ὅπερ
929 1342 974 1435 ἦν
983 1347 1127 1416 ὑπόλοι-

166 1474 233 1519 πον
243 1445 372 1535 αὐτοῖς,
383 1451 436 1517 ἐπὶ
448 1455 615 1534 Θηβαίους
625 1441 765 1533 ἦλθον),
781 1446 866 1532 ὑπὲρ
884 1449 920 1516 δὲ
937 1455 997 1533 τῆς
1014 1456 1126 1515 Λακε-

167 1554 351 1636 δαιμονίων
372 1555 535 1634 σωτηρίας
555 1547 610 1614 καὶ
630 1545 766 1633 χρήματ’
789 1551 957 1631 εἰσφέρειν
979 1548 1124 1624 καὶτοῖς

165 1651 297 1736 στόμασι
307 1649 529 1717 κινδυνεύειν.
560 1653 667 1716 καίτοι
684 1643 758 1714 οὐδ’
772 1640 815 1713 όν
833 1642 925 1730 ὑμεῖς
935 1642 1122 1730 ἠθελήσατε

166 1749 277 1835 δήπου
293 1747 409 1827 σώζειν
427 1743 566 1831 αὐτοὺς,
589 1752 621 1813 εί
634 1754 734 1813 τοῦτο
752 1746 942 1830 προῦλεγον
957 1742 1055 1830 ὑμῖν,
1068 1743 1123 1814 ὅτι

164 1853 340 1927 σωθέντες,
358 1843 418 1914 ἐάν
434 1843 479 1931 μὴ
496 1859 603 1932 ποιεῖν
614 1843 634 1912 ό
644 1873 676 1913 τι
691 1846 871 1932 βούλονται
888 1843 991 1912 πάλιν
1001 1842 1123 1924 αὐτοδς

163 1951 238 2014 ἐάτε
247 1947 303 2015 καὶ
314 1942 451 2029 άδικεῑυ,
463 1941 623 2028 οὐδεμίαν
631 1942 712 2030 ὑμῖν
722 1944 819 2029 χάριν
829 1947 940 2024 ἕξουσι
949 1951 1125 2031 τῆςσωτη-

121 2069 154 2124 13
165 2052 246 2127 ρίας.
268 2040 405 2127 καὶμὴν
423 2047 454 2109 ελ
467 2043 523 2109 καλ
540 2043 674 2128 σφόδρα
692 2045 844 2112 ἐναντίου
856 2046 923 2111 ἐστὶ
933 2058 1002 2122 τοῖς
1012 2050 1122 2112 Λακε-

163 2147 347 2228 δαιμονίων
361 2141 587 2227 ἐπιχειρήμασι
604 2138 641 2209 τό
661 2140 740 2220 τούς
753 2140 914 2227 Ἀρκάδας
930 2141 1018 2231 ἡμᾶς
1035 2165 1121 2230 συμ-

162 2240 519 2330 μάχονςποιήσασθαι,
537 2241 817 2367 προσηκειδήπου
835 2250 936 2310 πλείω
948 2243 1049 2329 χάριν
1058 2243 1121 2313 αά-

161 2368 242 2421 τους
258 2333 388 2428 ἔχειν
361 2366 411 2408 ων
425 2338 637 2427 ἐσώθησαν
617 2338 674 2428 αφ’
694 2367 790 2428 ημων
807 2348 838 2409 εί
837 2369 852 2420 ς
869 2340 950 2421 τοδς
960 2346 1119 2430 ἐσχάτους

162 2442 319 2519 ἐλθόντες
329 2436 551 2519 κινδύνους”
527 2468 549 2526 η
563 2467 611 2508 ων
622 2439 944 2542 άδικεῖνκωλάονται
954 2442 1120 2531 υῦνόρχί-

161 2544 285 2618 ζεσθαι.
314 2539 534 2618 ὥστεποῑςου
523 2533 811 2627 ’βοηθήσουσιν’
791 2555 853 2626 ημί
852 2569 872 2607 υ
840 2540 941 2609 λ’ἐπ
951 2539 1118 2627 Ὠρωπὸν,

159 2662 181 2720 η
193 2636 342 2704 κάκιστοι
353 2637 489 2704 πάντων
499 2635 693 2722 ἀνθρώπων
704 2640 857 2720 δόξουσιν
870 2639 968 2709 εἶναι
960 2641 1031 2736 ςμά
1040 2638 1120 2721 τοδς

159 2735 262 2812 θεους
273 2731 425 2819 ἔγωγε
385 2761 447 2820 ουχ
457 2760 534 2818 ορω

117 2851 152 2910 14
245 2834 409 2917 Θαυμαζω
418 2835 596 2901 τοίνυνκαὶ
606 2836 885 2920 τωνλεγουτωυ
856 2866 979 2908 τουτον
988 2867 1051 2908 τον
1060 2838 1119 2907 λο-

122 2989 125 2994 .
143 2973 145 2980 ·
159 2959 233 3019 μου,
247 2959 292 3011 ως
302 2939 333 3000 εί
342 2933 536 3018 συμμάχους
553 2935 762 3020 ποιησόμεθα
776 2934 936 3022 Ἀρκάδας
947 2941 1003 3007 καὶ
1012 2945 1119 3006 ταῦτα

158 3032 336 3122 πράξομεν,
348 3033 615 3122 μεταβάλλεσθαι
626 3035 712 3114 δόξει
723 3037 777 3103 καὶ
789 3033 889 3104 οὐδὲν
899 3041 987 3122 ἔχειν
998 3035 1118 3106 πιστόν

158 3130 179 3220 ἡ
201 3132 303 3212 πόλις.
335 3135 405 3219 ἐμοὶ
428 3135 489 3220 μὲν
510 3131 575 3218 γάρ
598 3137 692 3202 δοκεῖ
709 3131 921 3218 τούναντίον,
946 3128 1118 3220 άςάνδρες

154 3231 335 3320 Ἀθηναῖοι.
368 3231 422 3301 διά
440 3240 475 3301 τί
478 3263 486 3311 ;
512 3232 644 3300 ότιτεόυ
662 3231 798 3300 πάντων
816 3230 938 3303 οὐδένα
950 3229 1117 3303 άυάντει·

157 3347 234 3402 πεῖν
260 3332 350 3422 οἶμαι
382 3330 425 3411 ὡς
445 3330 487 3401 οὐ
504 3335 560 3401 καὶ
574 3336 860 3421 Λακεδαιμονίους
876 3338 932 3404 καὶ
949 3335 1114 3421 πρότερον

158 3440 328 3520 θηβαίους
343 3434 399 3502 καὶ
413 3431 453 3501 τό
470 3441 659 3504 τελευταῖον
676 3430 828 3521 Εὐβοέας
839 3432 997 3531 ίσωσενὴ
1007 3430 1114 3518 πόλις,
