2340 3894
115 190 193 237 ωτι
383 228 393 241 ,
502 169 719 228 PRAEFATIO.

113 341 295 415 propagatis,
312 354 383 409 quas
403 339 491 411 iniqui
505 345 570 395 sunt
581 338 629 408 qui
646 352 736 402 nunc,
754 342 905 409 postquam
921 336 1022 393 codice
1040 336 1071 395 S.
1088 339 1127 395 uti

115 425 206 489 licuit,
221 428 415 481 contemnunt:
448 423 569 495 plurima
588 422 662 477 euim
685 422 741 477 iilis
761 427 838 477 recte
861 420 969 493 scripta
987 421 1127 480 debemus

115 523 188 580 quae
206 509 253 563 vei
265 506 375 562 deiecta
391 507 439 562 vei
459 507 555 561 vitiata
570 510 635 561 sunt
651 505 681 559 in
697 505 841 573 Parisino,
857 520 942 574 quem
963 506 1128 561 meminisse

116 597 225 664 oportet
246 591 340 664 ipsum
356 607 468 662 quoque
485 589 556 646 nihil
574 587 651 645 atiud
674 604 759 660 quarn
775 588 974 645 recensionem
992 588 1128 646 exhibere

115 675 209 731 multis
223 677 281 746 jam
293 674 386 731 modis
400 676 434 730 ab
447 673 652 731 correctoribus
669 674 880 744 interpolatam,
894 679 922 728 ut
937 672 1127 744 antiquiorum

114 759 265 817 lecu‘onum
276 758 436 830 specimina
450 757 615 824 ostendunt,
633 771 671 811 ex
691 756 753 812 aliis
770 756 893 813 fontibus
916 757 952 812 ab
971 772 1018 812 me
1041 772 1128 830 supra

11 894 19 913 ,
115 844 232 901 collecta
243 859 270 914 p.
281 841 423 896 lv-vn,
441 841 500 897 Nec
512 840 586 896 duee
597 841 662 896 illae
674 857 744 913 quas
756 838 884 895 dicebam
896 842 1080 898 recensiones
1091 843 1127 897 ab

115 926 237 984 indoctis
249 927 339 981 sactae
351 932 414 980 sunt
423 925 593 990 homiuibus,
609 924 661 980 sed
674 925 709 980 ab
723 922 883 980 rhetoribus
897 925 1127 997 grammaticisve

115 1009 208 1069 doctis
219 1015 247 1065 et
257 1009 389 1079 antiquis,
401 1009 449 1080 qui
461 1025 531 1080 quas
543 1010 693 1064 intulerunt
704 1009 841 1064 lectiones
855 1023 912 1062 non
928 1022 994 1064 raro
1005 1009 1045 1064 ita
1062 1014 1127 1065 suut

115 1098 295 1165 comparatae
306 1098 344 1160 ut,
356 1091 381 1147 ei
392 1092 501 1151 codicis
508 1093 627 1149 Parisini
634 1092 664 1151 S.
676 1093 843 1150 auctoritate
854 1091 1136 1158 commendareuttm·

115 1183 263 1248 tantopere
280 1176 410 1233 omnibus
432 1178 523 1232 iorent
541 1177 676 1249 probatae
695 1183 869 1247 quantopere
883 1190 974 1246 nunc,
997 1179 1128 1234 obstante

117 1259 289 1317 recensionis
302 1260 443 1330 aliquanto
464 1260 628 1332 antiquioris
647 1259 827 1329 auctoritate,
849 1258 1056 1331 improbantur,
1074 1260 1127 1319 ctat

117 1344 201 1401 vaide
212 1342 343 1399 diversae
365 1346 400 1400 ab
417 1344 488 1401 futili
502 1345 550 1410 ilia
568 1344 812 1417 interpolationem
834 1358 941 1416 genero
960 1359 1015 1415 quo
1032 1360 1126 1417 gram·

114 1428 208 1485 matici
219 1427 368 1500 Byzantini
384 1429 489 1501 scripte
499 1434 627 1485 veterum
636 1428 757 1501 plurima
766 1427 965 1499 depravarunt.
997 1427 1126 1500 Denique
1144 1446 1148 1451 ·

114 1511 152 1567 de
170 1513 242 1569 locis
263 1511 318 1567 dici
346 1527 451 1584 operae
475 1513 595 1584 pretium
615 1513 668 1568 erit
685 1513 732 1586 qui
755 1513 932 1584 conjecturae
946 1526 1001 1584 ope
1021 1513 1070 1569 uel
1091 1513 1127 1569 ab

115 1596 178 1651 aliis
193 1597 287 1652 veleb
303 1612 348 1650 me
368 1596 430 1667 ipso
443 1603 491 1652 aut
504 1596 624 1652 correcti
645 1597 701 1653 sint
717 1602 764 1652 eut
781 1595 942 1667 corrigendi
964 1595 1126 1654 videantur.

116 1680 193 1736 Haec
209 1679 293 1752 igitur
314 1680 420 1745 omnia,
439 1696 524 1753 quum
535 1681 720 1737 Praefationis
733 1679 805 1735 fines
816 1677 973 1747 excedunt,
987 1680 1125 1757 singulari

81 1764 89 1773 ‘
116 1763 193 1834 quod
213 1763 280 1833 huic
301 1761 415 1819 editioni
435 1764 553 1836 adjungi
576 1765 677 1834 poterit
701 1763 836 1820 volumini
853 1778 1049 1833 reservamus,
1079 1765 1125 1820 cui

115 1848 200 1904 etium
216 1847 370 1919 specimina
385 1847 492 1904 codicis
507 1848 627 1904 Parisini
645 1846 675 1905 S.
692 1847 828 1904 accedent
844 1846 931 1919 lapidi
945 1846 1058 1904 incisa·
1075 1846 1126 1904 Est

16 1936 19 1942 '
115 1930 191 1987 euim
205 1931 253 1988 hic
268 1932 336 1986 liber
351 1936 380 1986 ut
395 1936 435 1986 tot
453 1932 515 1988 aliis
538 1933 574 1989 de
587 1933 711 1999 caussis,
727 1931 766 1986 ita
780 1932 864 1986 etiarn
880 1937 996 2003 propter
1007 1931 1127 2003 scriptu·
1160 1932 1168 1955 '

115 2029 165 2071 rae
179 2015 299 2082 -iormam
315 2015 467 2086 variasque
482 2023 671 2073 correctorum
695 2031 796 2071 manus
819 2014 901 2070 vaide
923 2016 1128 2073 memorabilis.
