2340 3894
150 209 213 273 νον
281 192 287 200 “
351 212 448 269 xvm.
482 207 908 288 Διιωοεοοαονε

149 397 218 455 γεις
232 366 256 457 ἢ
272 367 313 438 τά
331 368 414 454 πρὸς
426 374 593 455 Θηβαίους
611 373 736 455 δίκαια,
756 376 912 455 Αἰσχίνη,
936 369 960 456 ἢ
976 369 1018 438 τά
1029 369 1113 457 πρὸς

150 477 351 551 Βυζαντίους
361 464 382 553 ἢ
394 470 433 535 τὰ
445 465 529 551 πρὸς
539 464 707 552 Εὐβοέας,
726 464 748 552 ἢ
767 471 841 552 περὶ
856 475 926 535 τῶν
938 478 1023 538 ίσων
1032 476 1112 540 νυνὶ

150 572 309 654 διαλέγει,
330 569 540 655 πρῶτονμὲν
557 564 689 650 ἀγνοεῖς
709 566 760 633 ότι
777 569 833 634 καὶ
854 566 1021 652 πρότερον
1041 577 1112 638 τῶν

150 666 235 752 ὑπὲρ
251 665 501 751 τοῖν-Ἐλλήνων
518 669 655 732 ἐκείνων
671 663 932 751 ἀγωνισαμένων
949 669 1110 754 τριήρων,

149 773 349 851 τριακοσίων
371 763 486 832 ούσοίν
506 772 574 831 τῶν
586 773 717 852 πασεόν,
728 764 787 843 τὰς
799 765 1000 853 διακοσίαςὴ
1015 767 1111 846 πόλις

145 870 346 950 παρέσχετο,
371 866 426 932 καὶ
440 862 503 931 οὐκ
521 867 743 932 ἐλαττοῦσθαι
752 871 932 950 νομίζουσα
944 862 1024 934 οὐδὲ
1035 876 1109 950 κρί-

148 984 256 1033 νουσα
272 965 350 1041 τούς
361 973 465 1030 ταῦτα
476 963 792 1049 συμβουλεύσαντας
803 962 882 1032 οὐδὲ
893 963 1109 1050 ἀγανακτοῦ-

148 1083 191 1131 σα
203 1066 254 1131 ε’πλ
265 1063 395 1142 τούτοις
407 1064 532 1147 ἑωρᾶτο
550 1059 705 1147 (αἰσχρόν
715 1060 806 1148 γὰρ),
825 1061 910 1131 ἀλλά
927 1078 998 1143 τοῖς
1015 1074 1108 1143 θεοῖς

146 1166 266 1246 ἔχουσα
283 1159 396 1247 χάριν,
422 1167 452 1229 εί
467 1168 586 1229 κοινοῦ
609 1162 774 1229 κινδύνου
784 1176 853 1241 τοῖς
866 1161 1003 1248 Ἕλλησι
1014 1189 1106 1250 περι-

142 1261 288 1338 ’στάντος
299 1257 381 1347 αὐτὴ
396 1261 553 1328 διπλάσια
573 1267 642 1327 τῶν
663 1259 775 1328 ἀλλων
796 1267 842 1339 είς
862 1258 926 1347 την
946 1259 1106 1331 ἁπάντων

85 1373 138 1431 2³9
147 1367 313 1446 σωτηρίαν
324 1356 526 1447 παρέσχετο(
551 1359 620 1427 εἶτα
636 1360 735 1439 κενὰς
747 1365 868 1446 χαρίζει
878 1360 1016 1446 χάριτας
1027 1387 1105 1429 του-

146 1463 231 1527 τοισὶ
249 1469 473 1547 συκοφαντεῖν
494 1463 557 1545 ἐμέ.
600 1466 634 1525 τί
646 1457 710 1543 γάρ
726 1467 792 1527 νῦν
808 1463 914 1545 λέγεις
932 1454 987 1527 οἷα
1007 1463 1146 1547 έχρῆυδλλ

145 1558 318 1644 πράττειν,
336 1556 459 1625 ἀλλὀὐ
475 1555 540 1626 τότ’
552 1552 599 1624 οδν
611 1560 648 1623 έν
658 1566 699 1645 τῇ
716 1558 810 1625 πόλει
820 1561 875 1627 καὶ
886 1557 1007 1642 παρών
1014 1551 1102 1627 ταῦτ’

145 1660 296 1744 ἔγραφες,
310 1665 400 1740 εἴπερ
412 1660 577 1741 ἐνεδέχετο
589 1654 678 1740 παρά
688 1655 767 1736 τούς
778 1657 944 1742 παρόντας
957 1656 1102 1745 καιρούς,

57 1776 67 1791 “
146 1757 182 1823 ἐν
194 1751 243 1834 οἷς
254 1755 315 1840 οὐχ
325 1755 388 1823 ὅσα
406 1754 631 1841 ἐβουλόμεθα,
649 1753 717 1823 ἀλλ’
730 1754 793 1823 ὅσα
805 1760 878 1842 δοίη
889 1755 930 1823 τά
941 1753 1100 1845 πράγματ’

144 1858 212 1922 ἔδει
238 1858 408 1940 δέχεσθαι·
440 1851 457 1921 ὁ
480 1851 544 1939 γάρ
567 1852 820 1940 ἀντωνούμενος
841 1857 897 1922 καὶ
917 1854 1004 1940 ταχύ
1025 1853 1100 1934 τούς

145 1951 219 2036 παρ’
231 1951 330 2038 η’μολν
351 1950 642 2036 ἀπελαυνομένους
658 1952 921 2038 προσδεξόμενος
937 1955 995 2022 καὶ
1016 1951 1098 2040 χρή-

144 2077 230 2136 ματα
241 2050 447 2135 προσδήσωυ
457 2049 607 2136 ὑπῆρχεν
617 2051 753 2135 ἕτοιμος.

80 2170 134 2226 ηςο
224 2145 304 2216 Ἀλλ’
330 2155 361 2215 εἰ
379 2155 445 2215 νύν
470 2151 522 2216 έπλ
543 2163 611 2227 τοῖς
633 2152 876 2235 πεπραγμένοις
902 2156 1099 2237 κατηγορίας

107 2290 116 2305 ·
142 2251 221 2334 ἔχω,
234 2255 270 2316 τί
277 2242 320 2315 ἀν
332 2257 461 2334 οἴεσθε,
481 2253 511 2316 εί
524 2244 588 2318 τότ’
602 2251 684 2334 ἐμοῦ
695 2248 910 2330 περὶτούτων
921 2245 1097 2336 ἀκριβολο·

141 2350 326 2433 γουμένον,
346 2345 503 2433 ἀπῆλθον
515 2352 552 2414 αί
566 2346 678 2424 πόλεις
694 2347 749 2413 καὶ
759 2350 968 2432 προσέδεντο
981 2354 1097 2415 Φιλίπ-

140 2468 203 2535 πω,
215 2447 270 2514 καὶ
282 2446 349 2531 ἅμα
361 2445 507 2533 Εύβοίας
517 2447 573 2514 καὶ
585 2452 707 2532 Θηβῶν
723 2449 778 2513 καί
788 2450 975 2525 Βυζαντίου
986 2446 1097 2530 κύριος

140 2546 296 2631 κατέστη,
313 2551 348 2611 τί
355 2559 462 2614 ποιεῖν
473 2541 518 2611 ἀν
528 2541 601 2630 βτί
609 2546 718 2628 λέγειν
727 2541 806 2621 τούς
817 2541 948 2629 ἀσεβεῖς
959 2541 1096 2629 ἀνδρό-

78 2654 131 2722 241
141 2666 226 2722 πους
242 2650 415 2724 τοντουσίς
438 2641 499 2728 οάχ
516 2641 560 2720 ὡς
576 2641 797 2727 έξεδόδησανς
828 2640 952 2725 ούχεός
971 2640 1097 2728 ἀπηλά-

141 2749 253 2825 θησαν
264 2740 466 2826 βουλόμενοι
476 2738 555 2824 μεθ’
569 2739 663 2825 ἡμῶν
681 2739 780 2817 εἷναι;
804 2739 871 2808 εἶτα
882 2748 947 2807 τού
957 2740 1097 2826 μὲνἙλ·

140 2836 331 2923 λησπόντον
348 2837 401 2924 διά
420 2844 613 2917 Βυζαντίων
636 2837 795 2924 ἐγκρατὴς
817 2844 1023 2929 καθέστηκε,
1044 2841 1096 2909 καί
1131 2856 1133 2860 ’

139 2943 198 3024 τῆς
210 2946 427 3022 σιτοπομπίας
438 2945 496 3023 τῆς
504 2936 749 3024 τῶνἙλλήνων
760 2936 886 3024 ιἰύριος,
906 2939 1054 3027 πόλεμος
1063 2938 1093 3006 δ’

139 3033 262 3123 ὅμορος
273 3037 328 3103 καὶ
339 3035 445 3123 βαρύς
456 3044 502 3116 είς
512 3035 575 3124 τὴν
589 3035 738 3124 Ἀττικὴν
756 3037 810 3105 διδ
824 3045 983 3126 Θηβαίων
1000 3040 1097 3109 κεκό·

51 3156 54 3161 ’
138 3155 265 3225 μισται,
284 3133 412 3214 ἄπλους
431 3135 496 3223 δ’ἡ
515 3138 666 3205 δάλαττα
677 3135 743 3206 ύπδ
756 3133 872 3205 τεόνέκ
880 3146 940 3224 τῆς
951 3136 1096 3226 Εὖβοίας

138 3232 343 3320 ὁρμωμένων
354 3243 486 3324 ληστσλν
497 3240 652 3322 γέγονεν;
674 3234 736 3304 οὐκ
748 3231 792 3303 ἀν
801 3232 891 3305 ταῦτ’
904 3241 1031 3324 έλεγον,
1044 3239 1097 3305 καί

76 3346 128 3400 242
137 3334 244 3400 πολλοί
266 3360 304 3419 γε
326 3333 410 3418 πρός
429 3333 560 3415 τούτοις
579 3337 691 3422 έτερας
728 3333 895 3422 πονηρὸν,
927 3328 956 3403 ἀ
977 3335 1100 3422 ἀνδρες-

134 3429 319 3520 Ἇδηναίοι,
332 3431 483 3520 πονηρόν
499 3432 517 3503 ὁ
529 3437 743 3523 συκοφάντης
753 3433 805 3504 ἀεὶ
815 3437 871 3504 καί
882 3434 1096 3524 πανταχόθεν
