2340 3894
261 224 387 287 ΠΕΡΙ
412 225 513 301 ‚Tor
530 224 827 288 ΣΤΕΦΑΝΟῬ.
950 225 1013 291 265

55 391 228 472 αγγελίας,
244 385 353 452 πάντα
372 384 467 450 ταῦτ’
479 385 672 468 ἐπαγόντων
682 413 756 471 μοι,
779 385 821 454 ού
834 385 872 454 δι’
886 387 1014 455 ἑαυτῶν
1105 446 1108 455 .

56 485 95 553 τό
107 510 147 570 γε
157 490 303 569 πρῶτον,
311 480 395 550 ἄλλα
407 480 444 549 δι’
460 474 509 550 τόν
519 482 652 568 μάλισθ’
666 482 904 571 ὑπελάμβανον
910 482 1013 569 όιγνο·

56 584 201 670 η’σεσθαι
214 589 298 669 (ίστε
313 579 378 665 γάρ
397 579 505 666 δήπου
517 582 572 648 καὶ
583 583 754 667 μέμνησθε
767 578 818 650 ότι
829 581 908 660 τούς
920 582 1013 668 προί-

55 706 135 758 τους
154 679 297 765 χρόνους
322 674 406 744 κατὰ
434 675 497 763 τὴν
516 675 644 763 ἡμέραν
671 679 814 764 ἑκάστην
835 679 1013 766 ἐκρινόμην

56 777 133 864 ἐγώ,
155 772 457 844 κοιλούτ’άπόνοια
474 777 686 854 Σωσικλέους
707 776 784 844 ούτε
806 785 1013 861 συκοφαντία

57 875 286 959 Φιλοκράτους
299 871 376 942 ούτε
393 874 552 941 Διώνδου
563 877 619 943 καί
629 877 812 943 Μελάντου
824 882 924 961 μανία
937 874 1011 943 οὔτ’

56 972 126 1043 ἄλλ’
140 971 242 1041 ούδέν
253 970 432 1055 ἀπείρατον
442 965 487 1058 ἦν
497 972 626 1052 τούτοις
636 974 711 1041 κατ’
723 978 835 1061 ἐμοῦ),
850 977 886 1042 ἐν
897 980 1013 1041 τοίνυν

55 1074 186 1150 τούτοις
196 1079 278 1141 πᾶσι
290 1073 430 1157 μάλιστα
446 1071 507 1156 μὲν
518 1069 571 1139 διά
583 1072 662 1152 τούς
671 1072 790 1156 θεούς,
804 1074 962 1155 δεύτερον
975 1072 1011 1140 δέ

57 1171 96 1240 δι’
105 1169 193 1257 ὑμᾶς
201 1173 257 1239 καὶ
266 1170 347 1248 τούς
357 1169 479 1248 ἄλλους
488 1167 684 1255 Ἀθηναίους
697 1173 872 1257 ἐσωζόμην.
902 1174 1010 1237 δικαί-
1078 1185 1084 1196 ’

57 1297 115 1349 ως·
138 1279 238 1339 τοῦτο
248 1269 313 1355 γδρ
324 1272 379 1336 καλ
389 1268 512 1354 ἀληθές
522 1272 651 1336 ἐστικαὶ
663 1268 746 1353 ύπέρ·
758 1279 827 1338 τῶν
836 1268 1011 1356 ὀμωμοκό-

10 1395 123 1456 ηςητων
136 1370 191 1437 καὶ
201 1368 356 1452 γνόντων
366 1365 406 1434 τά
418 1368 542 1452 εύορκα
555 1371 727 1435 δικαστῶν
762 1367 890 1436 ούκούν
903 1371 939 1434 ἐν
950 1369 1011 1452 μὲν

57 1463 105 1547 οἷς
116 1464 419 1553 είσηγγελλόμην,”
399 1491 438 1533 οτ
441 1462 713 1551 ’ἀπεψηφίζεσθέ
721 1492 787 1551 μου
800 1463 899 1533 καὶ
865 1491 901 1532 το
914 1467 1012 1549 μέρος

58 1574 127 1634 τῶν
138 1565 263 1687 ψήφων
276 1578 343 1642 τοῖς
354 1565 534 1633 διώκουσιν
545 1590 586 1632 ου
575 1563 798 1664 ’μετεδίδοτε,
808 1564 866 1631 τότ
870 1562 1012 1648 ’ἐφηφί

58 1663 202 1746 ζεσθε
166 1691 205 1731 τα
220 1663 339 1746 ἄριστά
357 1689 397 1749 με
417 1663 587 1748 πράττειν·
620 1668 657 1730 έν
679 1655 728 1742 οἷς
747 1664 782 1732 δὲ
801 1662 860 1741 τοὶς
882 1654 1027 1747 γραφάς

59 1761 263 1848 ἀπέφευγον,
275 1767 399 1846 ἐννομα
410 1763 464 1828 καὶ
475 1761 618 1847 γράφειν
628 1764 681 1828 καλ
693 1764 801 1845 λέγειν
815 1757 1012 1827 ἀπεδεικνύ-

58 1889 140 1948 μην·
164 1866 201 1929 ἐν
217 1857 267 1938 οἷς
283 1860 319 1928 δὲ
337 1859 395 1938 τοὶς
415 1858 565 1938 εὐθύνας
579 1863 857 1945 ἐπεσημαίνεσθε,
879 1862 1012 1934 δικαίως

57 1958 383 2046 καλ-ἀδωροδοκήτως
396 1958 504 2025 πάντα
520 1964 713 2045 πεπρᾶχθαί
726 1983 783 2042 μοι
794 1964 1012 2041 προσωμολο-

58 2073 153 2144 γεῖτε.
175 2057 304 2126 τούτων
314 2050 378 2124 οὖν
390 2056 496 2136 οὕτως
508 2058 651 2142 ἐχόντων
662 2063 694 2124 τί
702 2063 870 2142 προσῆκεν
881 2055 904 2141 ἢ
914 2061 948 2122 τί
962 2060 1013 2122 δί-
1071 2064 1074 2069 ’

58 2183 156 2224 καιον
166 2149 210 2242 ἦν
219 2162 287 2233 τοϊς
296 2153 357 2223 ὑπ’
368 2158 450 2241 ἐμοῦ
462 2158 704 2242 πεπραγμένοις
713 2160 839 2225 θέσθαι
849 2152 909 2221 τόν
921 2160 1013 2237 Κτη-

38 2288 41 2292 ·
57 2262 208 2340 διφῶντα
219 2253 337 2341 ὄνομα,
349 2251 411 2338 οὐχ
421 2250 441 2321 δ
451 2252 511 2322 τδν
522 2258 629 2339 δῆμον
641 2256 727 2339 ἑῶρα
739 2255 932 2336 τιθέμενον,
951 2245 1012 2332 οὐχ
1055 2306 1060 2315 .

57 2349 166 2432 οτούς
177 2351 391 2439 ὀμωμοκότας
403 2350 574 2437 δικαστάς,
596 2349 657 2435 ούχ
668 2347 688 2416 δ
699 2348 761 2433 τὴν
774 2347 938 2433 ἀλήθειαν
948 2370 1013 2411 πα-

58 2479 101 2536 ρα
111 2459 194 2520 πᾶσι
205 2459 424 2538 βεβαιοῦσανς

10 2586 47 2644 ις,
142 2551 212 2618 Ναὶ
212 2553 354 2636 ,φησλν,
361 2546 500 2616 άλλόιτὸ
514 2573 575 2614 του
561 2541 878 2630 Κεφάλουκαλον,
900 2541 937 2610 τό
951 2567 1015 2626 μη

58 2653 177 2734 δεμίαν
187 2673 324 2733 γραφην
335 2660 465 2732 φυγεῖν
494 2647 602 2713 καὶ
561 2672 603 2731 νη
617 2643 674 2712 Δί’
688 2640 849 2729 ευδαιμον
860 2666 906 2726 γε
931 2637 1013 2708 ἄλλά
1056 2661 1059 2668 ·

56 2753 92 2814 τί
97 2742 256 2834 μαλλονο
269 2743 430 2822 πολλακις
439 2744 501 2829 μὲν
513 2740 653 2828 φυγῶν,
665 2743 881 2828 μηδεπώποτε
899 2737 937 2807 δ’·
947 2742 1073 2820 &ge-311

17 2840 20 2908 Ῐ
56 2845 208 2928 λεγχθεὶς
223 2840 350 2910 ἀδικῶν
368 2845 404 2909 ἐν
421 2841 598 2928 ἐγκλήματι
621 2836 759 2926 γίγνοιτ’
778 2835 822 2907 άν
844 2840 897 2907 διά
915 2845 1014 2906 τοῦτο
1082 2886 1090 2891 -

56 2947 208 3020 δικαίωςς
231 2950 339 3010 καίτοι
350 2939 432 3025 πρός
442 2966 479 3025 γε
488 2948 619 3024 τοῦτον,
632 2938 751 3022 ἄνδρες
768 2937 948 3025 Ἀθηναῖοι,
960 2937 1015 3004 καὶ
1122 2927 1126 2934 ’

38 3037 171 3109 ,τὸτού
185 3039 350 3123 Κεφάλου
363 3038 468 3104 καλὸν
486 3044 590 3106 εἰπεῖν
601 3043 670 3104 ἐστι
681 3062 744 3120 μοι.
779 3034 938 3122 οὐδεμίαν
949 3035 1014 3121 γὰρ
1112 3102 1114 3107 .

55 3132 185 3205 πώποτ’
199 3134 366 3222 ἐγράψατό
385 3161 426 3221 με
445 3133 519 3203 οὐδ’
534 3139 646 3214 ἐδίωξε
663 3133 816 3222 γραφὴν,
839 3134 923 3203 ὥστε
948 3129 1013 3199 ὑπὸ

56 3243 123 3305 σού
131 3260 172 3323 γε
190 3233 405 3321 ὡμολόγημαι
423 3239 526 3322 μηδὲν
543 3232 627 3301 εἶναι
642 3242 703 3301 τού
720 3233 881 3320 Κεφάλου
896 3237 1016 3316 ’χείρων

54 3341 202 3421 πολίτης.
588 3383 590 3388 ·
1049 3350 1053 3357 ·

10 3447 45 3501 σε
140 3433 362 3540 Πανταχόθεν
375 3432 439 3518 μὲν
453 3436 570 3500 τοίνυν
587 3429 632 3498 όν
642 3456 691 3509 τις
698 3434 773 3499 λ’δοι
789 3426 852 3514 την
862 3424 1018 3512 ἄγνωμο-
