2340 3894
343 505 510 583 INDEX
530 504 849 607 ORATIOIIIIM.
925 445 948 498 ⁵

504 687 728 699 *Ἣ*

96 788 236 859 Περίταν
246 806 320 853 προς
324 784 506 858 Λλεξανδρον
516 807 580 844 συν
615 787 687 844 κατά
705 791 832 874 Νεαίρας
850 791 917 842 LIX.

127 809 230 944 θηκάν
248 859 328 909 XVII
615 855 687 942 πρὸς
694 855 900 944 Νικόστρατον
918 860 984 911 LIII.

95 926 160 1008 περὶ
169 920 338 1010 Λλοννήσου
356 930 412 981 VII.
613 923 686 982 κατά
694 921 924 1012 Ὀλυμπιοδώρου
939 929 1053 981 XLVIII.

94 991 166 1048 κατὰ
180 987 380 1078 Ἀνδροτίωνος
397 999 480 1050 ΧΧΙΙ.
609 991 798 1056 Ὀλυνθιακὸς
809 991 836 1047 α’
853 999 876 1049 Ι.

94 1058 167 1146 πρὸς
177 1057 363 1148 Ἀπατούριον
381 1067 496 1118 XXXIII
682 1095 715 1106 ἡ
811 1057 839 1144 β
855 1067 887 1116 II.

94 1127 165 1184 κατὰ
177 1125 454 1197 Ἀριστογείτονος’
428 1151 446 1184 οι
472 1136 553 1187 XXV.
683 1165 716 1173 -
814 1125 839 1198 μ’
857 1135 902 1187 III.

112 1231 145 1238 —
282 1229 315 1238 -
432 1196 567 1270 6'.XXVI
614 1196 687 1267 πρὸς
702 1194 871 1267 Ὀνήτορα’
858 1194 884 1249 α’
898 1203 982 1253 XXX.

58 1296 60 1305 ·
95 1264 165 1320 κατὰ
178 1257 406 1350 ’Λριστοκράτοος
423 1273 515 1324 XXIII.
632 1301 665 1310 -
748 1299 780 1308 —
860 1263 884 1335 β’
901 1271 997 1322 ΧΧΧΙ.

95 1330 168 1389 κατὰ
182 1327 347 1404 Ἀφάβου’
320 1352 339 1386 α
365 1339 436 1388 ΧΧΙ
440 1343 471 1390 ΙΙ
614 1329 688 1406 πρὸρ
707 1337 900 1388 Πανταίνετον
918 1339 1050 1390 XXXVII.

115 1434 148 1443 -
235 1433 268 1442 —
321 1397 346 1471 β’
365 1407 481 1460 XXVIII.
614 1404 679 1487 περ)
696 1403 924 1473 παραπρεσβείας
945 1407 1015 1457 ΧΙΧ.

96 1466 169 1554 πρὸς
179 1465 302 1553 Λφοβον
319 1473 414 1526 XXIX.
614 1468 687 1539 πρὸς
705 1471 851 1523 Πολυκλέα
869 1477 900 1528 L.

95 1534 167 1607 πρὸς
183 1533 309 1593 Βοιωτὸν
323 1537 459 1605 περὶτοῦ
474 1535 579 1609 ὀνόμα-
616 1542 661 1605 Πρ
663 1538 729 1605 οοίμ
730 1557 761 1591 ια
774 1542 875 1594 LXII.
952 1542 954 1546 ’
1006 1576 1010 1591 ,

128 1624 177 1667 τος
191 1608 309 1659 XXXIX.
614 1557 745 1690 περριὶκῆςε
747 1608 858 1659 Ροδίων
870 1601 1095 1674 ἕλευθερίαςΧΙῙ.

94 1671 167 1758 πρὸς
178 1669 303 1731 Βοιωτὸν
317 1673 382 1757 περὶ
396 1692 517 1742 προικος
525 1679 579 1730 XL
614 1671 686 1759 πρὸς
702 1676 852 1728 Σπουδίαν
869 1680 936 1729 XLI.

95 1761 167 1796 κατα
155 1738 405 1824 Διονυσοδώρου
422 1748 487 1798 LVI
614 1740 685 1797 κατά
700 1738 852 1810 Στεφάνου
869 1741 895 1795 α’
913 1747 991 1797 XLV.

88 1810 160 1895 περὶ
179 1805 407 1878 9696699'669V.
629 1843 661 1851 -
747 1843 780 1852 -
848 1807 894 1893 β’
908 1814 999 1865 XLVI.

88 1874 254 1933 Ἐπιστολαί
266 1879 353 1929 LXIII.
615 1878 680 1946 περὶ
698 1881 749 1933 τοῦ
768 1873 909 1961 στεφάνου
924 1882 1016 1932 XVIII.

90 1941 257 2028 Ἐπιτάφιος
271 1948 325 1997 LX.
615 1945 681 2014 περὶ
703 1948 755 2000 τοῦ
778 1943 917 2013 στεφάνου
940 1948 990 2014 τῆς
1020 1964 1098 2014 τριη·

91 2013 123 2068 Ἐ
124 2010 242 2097 ωτρικός
259 2015 327 2066 LXI.
649 2015 767 2083 ραρχίας
783 2018 824 2068 LI.

95 2078 168 2165 πρὸς
184 2076 366 2170 Εὖβουλίδην
383 2085 461 2137 LVII.
614 2082 680 2149 περὶ
697 2086 755 2135 τάν
773 2081 935 2166 συμμοριῶν
941 2085 1023 2133 '.XIV
1119 2138 1120 2142 ,

94 2145 165 2205 κατὰ
191 2151 318 2216 Ευέρμου
340 2149 388 2202 καὶ
410 2155 462 2206 Μν
463 2150 579 2223 ηοοιβά-
614 2151 679 2236 περὶ
698 2148 854 2232 συντάξεως
871 2153 937 2203 XIII.

130 2221 181 2270 Iov
199 2222 298 2272 XLVII.
614 2240 635 2273 π
637 2238 687 2302 ρος
707 2213 854 2300 Τιμόθεον
869 2220 958 2271 XLIX.

94 2282 167 2370 πρὸς
186 2283 349 2355 Ζηνόθεμιν
366 2289 474 2414 XXXII.
615 2283 685 2341 κατά
704 2281 900 2355 Τιμοκράτους
918 2288 1011 2339 XXIV.

61 2410 65 2418 ,
94 2351 165 2407 κατά
182 2357 338 2424 Θεοκρίνου
356 2358 422 2408 LVII
588 2353 594 2362 ’
613 2353 685 2438 πρὸς
700 2355 864 2408 Φαίνιππον
878 2357 957 2406 XLII.

94 2419 167 2506 πρὸς
186 2425 338 2477 Καλλικλέα
354 2428 408 2478 LV.
513 2468 516 2472 .
611 2419 682 2477 κατὰ
700 2418 881 2476 Φιλίππου’
856 2440 874 2473 α
900 2427 945 2475 IV.

94 2487 168 2573 πρὸς
184 2489 351 2545 Κάλλιππον
364 2495 417 2546 LII.
627 2522 659 2531 -
763 2521 796 2530 —-
857 2485 882 2572 6
898 2494 943 2543 VI.

94 2554 166 2612 κατά
183 2555 320 2617 Κόνωνος
334 2562 400 2611 LIV.
628 2588 659 2597 -
763 2591 799 2600 —-
858 2577 886 2640 μ’
901 2561 946 2611 IX.

94 2622 167 2708 πρὸς
182 2622 322 2692 Λάκριτον
342 2628 450 2677 XXXV.
629 2656 661 2664 -
766 2657 799 2664 ——
861 2621 886 2677 δ’
904 2629 937 2679 X.

94 2689 167 2775 πρὸς
182 2694 325 2776 Λεπτίνην
343 2696 401 2745 XX.
611 2687 742 2776 ἐπιστολὴ
760 2694 914 2746 Φιλίππου
921 2697 977 2745 XII.

94 2756 166 2828 πρὸς
183 2756 336 2842 Λεωχάρην
350 2764 441 2814 XLIV.
610 2754 683 2828 πρὸς
700 2757 753 2828 τὴν
767 2754 961 2829 ἐπιστολὴν
932 2778 985 2828 την
998 2759 1096 2811 Φιλίπ-

94 2826 167 2948 πρὸς
181 2825 375 2894 Μακάρτατον
394 2832 483 2884 XLIII.
646 2846 703 2881 που
719 2834 765 2884 XI.

93 2892 148 2950 616
150 2897 421 2984 ρΜεηαλοπολιτοῦν
439 2901 508 2952 XVI.
611 2892 683 2981 πρὸς
701 2898 854 2965 Φορμίωνα
872 2900 990 2950 XXXIV.

93 2981 163 3018 κατα
182 2965 306 3017 Μειδίου
323 2968 393 3019 XXI.
610 2960 683 3032 ὑπὲρ
704 2965 870 3048 Φορμίωνος
883 2967 1002 3018 XXXVI

93 3027 363 3156 πρέςΝρζνσὶίζμαχον
376 3031 424 3085 καὶ
438 3033 576 3094 Ξενοπεί-
610 2985 683 3101 περὶ
693 3034 750 3124 τάν
764 2984 799 3085 ἐν
815 3029 987 3102 Χερρονήσῳ
1004 3035 1071 3084 VIII.

152 3119 189 3167 ην
232 3105 256 3154 X
281 3105 340 3155 VIII

178 3231 218 3286 De
239 3231 410 3302 temporibus
431 3232 586 3285 orationum
607 3246 693 3301 sopra
712 3229 859 3285 deImus'
852 3246 881 3284 In
901 3227 1098 3298 chronologia,

94 3315 207 3371 omissis
224 3330 339 3387 quarum
355 3320 463 3385 tempus
477 3330 594 3386 prorsus
612 3315 746 3369 Incertum
762 3319 812 3372 est.
