2340 3894
185 150 314 259 νυνι
334 197 440 261 m
458 197 911 262 ΠΑΡΑσΡΕΣοαιΑΣ.
959 200 1048 267 εει·

65 369 136 429 τοῖν
156 356 360 443 πραγμάτων
382 355 491 424 ὄντων
507 354 683 442 μειούρων
698 361 832 427 καὶτοῦ
848 365 1026 446 μέλλοντος

66 456 205 544 ἀδήλου,
217 457 376 540 σύλλογοι
386 459 441 522 καὶ
452 454 547 541 λόγοι
560 458 766 525 παντοδαποὶ
776 455 859 525 ιιατά
871 459 933 544 τήν
944 458 1026 546 ἀγο-

10 559 131 642 [οςράν
142 551 314 641 ἐγίγνοντο
331 552 422 622 τότε·
451 558 638 640 ἐφοβοῦντο
658 555 698 641 θή
716 554 761 642 μή
774 556 960 644 σύγκλητος
970 563 1026 629 ἐν·

64 662 185 742 κλησία
192 658 322 740 γένοιτο
334 656 506 740 ἐξαίφνης,
528 653 599 721 εἶτα
613 651 819 735 ἀκούσαντες
831 655 925 744 ὑμεῖς
943 662 1026 745 ἐμοῦ

65 751 196 842 τάληθῆ
214 760 304 874 ψηφί
289 756 424 821 ίσαισθέ
438 780 471 820 τι
487 761 556 819 τοῖν
575 753 720 820 θεόντων
730 757 816 840 ύπὲρ
827 765 896 824 των
910 759 1026 826 Φωκέ-

14 912 17 916 ,
67 882 126 941 ων,
149 851 260 922 καλ
224 879 265 920 τα
287 851 441 974 πράγματ
442 848 623 973 ’ἐκφύγοι
631 851 691 920 τόν
707 859 885 923 Φίλιππον.
908 861 940 924 εί
959 852 1025 940 γάρ
1042 859 1060 872 “

66 956 277 1038 ἐνηφισασθε
287 976 395 1036 μονον
405 953 460 1018 καλ
472 950 597 1036 μικράν
604 947 793 1038 ὑπεφήνατ
783 949 951 1021 'fluida‘
932 979 1026 1041 ηντι-
1035 977 1087 1034 379

66 1058 154 1119 νοῦν
165 1047 287 1133 αὐτοῖς,
299 1047 512 1134 ἐσωθησαν
489 1074 541 1117 αν
579 1046 621 1117 ού
632 1050 697 1137 γάρ
710 1048 859 1137 ἐνήν,’
818 1077 881 1120 ουκ
892 1053 1047 1173 ἐνήυμή
1046 1106 1053 1115 .

66 1145 436 1271 παρακρουσθέντων
418 1174 515 1234 υμων
536 1163 647 1234 μεῖναι
664 1146 830 1239 Φιλίππῳ.
867 1151 944 1219 ούτε
960 1153 1026 1237 γάρ

67 1263 158 1326 σῖτος
172 1241 218 1334 ήν
233 1251 269 1316 ἐν
286 1256 328 1336 τῇ
346 1248 454 1336 χάρα,
472 1244 610 1334 ἀσπόρῳ
629 1246 730 1314 θιά
695 1274 755 1316 τον
769 1218 1027 1336 πόλεμονγεγο-

66 1354 157 1435 νυίηι,
170 1343 250 1413 οὔθ’
263 1373 283 1433 η
274 1343 497 1432 σιτοπομπία
511 1343 636 1432 δυνατή
651 1346 799 1448 τριήροιν
815 1345 928 1416 ούσων
941 1347 1027 1435 ὑμε-

65 1449 173 1531 τάρων
188 1444 574 1612 ἐκεῖναλτήςθαλάττηςἱ
580 1453 832 1531 κρατουσων,α
810 1451 895 1514 αλτε
913 1448 1026 1528 πόλεις

66 1549 185 1613 πολλαί
195 1546 251 1612 καὶ
265 1545 403 1630 χαλεπαὶ
413 1548 574 1630 λαβεῖνί
537 1570 559 1610 α
583 1552 652 1613 των
662 1545 872 1629 Φωκέων,
831 1572 875 1669 μη
893 1546 934 1614 ού
945 1546 1026 1632 χρό-

66 1675 116 1739 νῳ
132 1650 188 1716 καλ
203 1654 393 1734 πολιορκίᾳ·
422 1655 453 1716 εί
467 1645 533 1732 γάρ
550 1645 623 1714 ἐν’
607 1652 713 1735 ημέρᾳ
731 1645 871 1715 κύλικα’
847 1674 937 1735 ηρει,
962 1648 1025 1716 δύο

10 1771 58 1827 124
65 1751 121 1816 καὶ
139 1753 265 1816 ελκοσίν
281 1744 525 1836 είσιυάριθμςά.
567 1744 622 1813 διὰ
640 1745 680 1832 δὴ
701 1753 805 1812 ταῦτα
817 1746 945 1834 πάντα,
969 1751 1026 1814 ἵνα

65 1846 171 1934 μηδὲν
181 1846 386 1932 μετάθοισθε
398 1838 446 1914 ύυ
457 1844 672 1932 ἐξηπάτησθε,
682 1852 803 1912 τοῦτον
814 1841 919 1913 αὐτοῦ
929 1848 1027 1914 κατέ-

65 1955 173 2015 λιπον.
197 1945 418 2031 ἐξομόσασθαι
429 1945 491 2032 μεν
501 1943 541 2032 δή
555 1943 601 2031 μή
607 1940 682 2031 ’μετ’
696 1951 801 2024 αἰτίας
810 1943 901 2024 τινὸς
912 1941 1027 2012 δεινὸν

65 2037 176 2132 ήνκαλ
187 2042 315 2125 ὑποψία
325 2046 459 2131 μεγάλη.
491 2043 545 2112 “vl
561 2047 680 2131 λέγειςς
704 2046 757 2112 ἐπὶ
772 2050 953 2128 τηλικαῦτα
970 2045 1025 2112 καί

61 2141 209 2211 “τοιαύτ’
230 2140 343 2229 ἀγαθά
362 2141 435 2228 ούχὶ
461 2149 602 2228 βαδίζεις
630 2143 831 2228 ἀπαγγείλας
847 2141 925 2212 οὐδὲ
943 2167 1025 2228 πρε-

61 2239 323 2327 “σβεύεις·,”ἐὸει
335 2242 371 2309 δέ
381 2244 502 2327 μένειν.
526 2235 683 2322 πῶςούνχ
697 2240 881 2327 ἀρρωστεῖν
891 2266 1025 2324 προφα-

65 2345 201 2426 σίζεται,
215 2342 269 2407 καὶ
282 2338 397 2425 λαβάυ
406 2337 596 2425 Ἐξήκεστον
606 2340 669 2407 τόν
678 2338 794 2424 ἰατρόν
804 2336 948 2423 ἀδελφὸς
959 2336 1023 2403 αύ-

65 2448 128 2508 τοῦ
139 2444 194 2508 καλ
204 2438 451 2526 προσελθάυτῇ
462 2442 608 2527 βουλῇέξ
611 2439 742 2524 άμοσεν
752 2435 1023 2522 άρρωστεῖντου-

10 2565 57 2619 ιςς
65 2542 140 2607 τονέ
154 2536 263 2607 καλ
221 2566 321 2618 αυτος
332 2539 577 2625 ἐχειροτονήθη
612 2535 724 2625 ἐπειδη
743 2535 775 2604 θ
796 2535 1024 2613 ἀπωλώλεσαν
1061 2554 1063 2559 ’

67 2643 104 2706 οί
114 2637 275 2717 Φωκεῖς
250 2659 395 2723 νστερον
408 2635 542 2760 ἡμέραις
560 2633 690 2705 πέντε””
668 2663 689 2758 η
702 2641 751 2722 ἐξ,
778 2638 834 2705 καὶ
851 2640 943 2714 τέλος
960 2633 1023 2720 εἶχε
1126 2710 1132 2718 ,

66 2736 105 2805 τό
119 2745 276 2824 μίσθωμα
299 2736 410 2819 ὥσπερ
423 2734 466 2804 ἀν
477 2724 559 2805 ἀλλο
577 2761 608 2801 τι
623 2737 740 2824 τούτῳ,
753 2729 834 2803 καὶ
820 2760 837 2801 ο
850 2733 1025 2820 Δερκύλος

66 2840 104 2906 ἐκ
126 2844 185 2920 τής
206 2831 421 2916 Χαλκίδος
397 2864 480 2924 ηκεν
510 2836 719 2921 ἀναστρέψας
743 2837 799 2902 καὶ
825 2831 1024 2920 ἀπήγγειλεν

56 2933 149 3020 ’ὑμῖν
160 2935 455 3017 ἐκκλησιάζουσιυ’
440 2963 477 3003 εν
487 2934 697 3019 Πειραιεῖὸτι
709 2941 835 3011 Φωκεῖς
846 2931 1024 3000 ἀπολάλα-

67 3055 111 3119 σι,
125 3033 180 3101 καὶ
192 3028 300 3117 ὑμεῖς,
325 3027 485 3116 άάνθρες
496 3031 686 3118 Ἀθηναῖοι,
708 3029 802 3098 ταῦτ’
820 3029 1026 3109 ἀκούσαντες

67 3131 205 3209 εἰκότως
217 3127 383 3207 κάκείνοις
393 3130 608 3215 συνήχθεσθε
618 3130 674 3196 καὶ
686 3126 781 3196 αὐτοὶ
792 3131 1024 3211 ἐξεπέπληχθε,
1039 3144 1053 3186 .’

66 3224 1025 3357 καλπαῖθαςκαλγυναῖκαςἐκτύνάγρῶνκατακομίζειυέψη-

67 3337 203 3417 φίζεσθε
215 3331 271 3398 καὶ
285 3327 325 3396 τά
337 3327 485 3413 φρούρια
497 3325 720 3406 ἐπισκευάζειν
736 3324 841 3392 καὶ
808 3349 868 3390 τον
884 3326 1026 3430 Πειραιοῖ
1058 3373 1061 3378 .

10 3450 56 3506 [σε
65 3431 273 3516 τειχίζειυκαλ
283 3455 324 3495 τα
312 3425 505 3513 Ηράκλεια
514 3428 553 3494 ἐν
564 3417 926 3583 άστειθύεινέῇέπειδή
933 3402 1023 3489 ταῦτ
