2340 3894
115 192 206 236 mn
506 173 761 233 crutonuuoela

119 348 209 404 solum
221 361 276 399 non
289 345 474 411 minueretur,
497 342 550 399 sed
569 343 659 415 proba
678 338 865 413 prudentique
887 340 1128 399 administratione

119 429 192 485 adeo
213 435 373 500 augeretur.
414 427 519 483 Verum
545 441 642 480 omnes
674 426 737 480 illae
763 425 1003 498 praescriptiones
1030 442 1128 498 parum

119 513 275 584 sapienter,
298 512 322 567 si
341 529 440 568 verum
464 512 594 566 volumus
618 509 715 576 lateri,
737 510 913 581 excogitatae
931 506 1065 567 effectum
1079 510 1127 566 ha·

118 599 238 652 buerunt
264 599 347 669 plane
376 596 544 651 contrarium
573 598 655 664 atque
685 592 905 660 Demosthenes,
933 610 1018 666 quum
1046 600 1127 651 testa·

119 682 369 747 mentumlaceret,
392 683 615 750 exspectaverat
646 675 719 731 llam
742 693 833 748 neque
854 677 993 751 Aphobus
1016 678 1129 734 viduam

120 780 173 819 nec
196 763 360 835 Demophon
381 762 501 830 liliam⁸)
523 760 718 816 Demosthenis
740 762 770 816 in
790 763 997 819 matrimonium
1022 762 1129 834 petivit,

121 855 235 920 uterque
266 863 334 903 vero
364 862 419 902 una
446 862 510 901 cum
539 842 710 917 Therippide
738 860 794 913 non
820 847 910 903 solum
940 847 1050 919 legales
1079 846 1129 901 sihi

118 931 255 1004 pecunias
279 938 427 1003 ceteraque
446 930 633 985 emolumento
651 928 754 1000 cupide
770 930 959 1002 arripuerunt,
984 928 1130 986 sedetiam

120 1016 256 1086 reliquam
279 1030 351 1086 quae
381 1012 449 1069 nihil
472 1012 509 1068 ad
537 1014 616 1084 ipsos
637 1013 794 1084 pertinebat
816 1018 920 1069 sortem
943 1012 982 1068 ilo
1003 1029 1056 1084 per
1083 1012 1130 1068 de·

120 1114 182 1153 cern
205 1113 294 1153 annos
316 1097 547 1153 administrarunl
568 1103 598 1153 ul
625 1098 717 1153 nullos
739 1112 862 1169 unquam
888 1101 995 1152 tutores
1017 1096 1066 1156 nel
1081 1096 1130 1151 im·

119 1180 271 1253 pudentius
294 1183 340 1237 vel
368 1181 543 1237 manifestius
565 1183 640 1237 bona
667 1180 818 1252 diripuisse
839 1179 1010 1253 pupillorum
1032 1179 1130 1237 Demo·

120 1264 212 1321 stheni
243 1267 431 1337 pronunciare
459 1266 555 1321 liceret
584 1267 613 1321 in
640 1264 765 1320 oratione
793 1265 886 1337 prima
911 1268 1009 1321 contra
1035 1262 1130 1339 Apho-

118 1342 187 1405 hum
198 1367 224 1421 p.
235 1353 309 1421 815„
322 1350 367 1405 uhi
383 1356 447 1423 post
474 1351 586 1405 tutelam
605 1349 760 1405 decennem
778 1347 866 1405 aedes
887 1347 1033 1423 duntaxat
1043 1345 1130 1419 patris

122 1450 185 1489 oum
214 1435 307 1490 servis
342 1432 564 1506 quattuordecim
592 1435 757 1505 argentique
785 1433 868 1487 minis
902 1431 1028 1503 triginta,
1061 1444 1129 1501 quae

50 1516 58 1521 “
122 1518 217 1573 omnia
245 1518 273 1572 in
302 1534 387 1572 unum
417 1519 536 1572 collecta
563 1518 613 1571 vix
641 1517 817 1588 septuaginta
849 1516 989 1571 minarum
1012 1516 1130 1587 pretium

121 1616 260 1671 aequare,
285 1603 320 1655 ah
343 1601 478 1656 tutoribus
500 1601 612 1655 relictas
625 1617 689 1657 esse
713 1600 750 1655 ait
768 1616 820 1671 pro
837 1599 996 1671 qulndecim
1017 1598 1131 1653 talento·

121 1699 183 1738 rum
198 1684 302 1755 pretio,
328 1683 404 1754 quod
428 1689 536 1739 mortuo
559 1682 748 1739 Demosthene
773 1690 852 1754 patre
880 1680 1131 1741 administrandum

122 1773 291 1838 acceperant
306 1772 333 1820 et
356 1766 427 1821 intra
441 1767 541 1822 deceni
559 1783 649 1822 annos
665 1769 746 1822 facile
763 1767 906 1839 duplicare
917 1765 1077 1836 potuissent
1091 1764 1133 1832 (ut

122 1851 285 1905 aestimatur
307 1867 334 1921 p.
352 1854 413 1917 862,
435 1852 495 1917 21.)
520 1851 543 1905 si
559 1852 729 1923 pupillorum
744 1866 826 1921 quam
846 1867 897 1906 suo
916 1850 1044 1921 ipsorum
1059 1864 1133 1905 com·

123 1933 208 1987 modo
226 1934 374 1988 consulere
391 1935 562 1988 maluissent.
608 1934 686 2003 Quae
704 1936 798 1989 omnia
812 1935 940 2006 pluribus
955 1933 1132 2006 persequitur

122 2014 328 2071 Demosthenes
344 2016 373 2070 in
398 2017 570 2073 orationibus
594 2025 692 2073 contra
719 2017 886 2089 Aphobum‚
908 2022 1040 2074 accurate
1070 2017 1133 2072 suh·

124 2098 215 2154 ductis
237 2098 391 2155 rationibus
399 2092 435 2170 b).
471 2098 556 2173 Cujus
576 2101 611 2155 de
629 2100 745 2157 aelionis
762 2108 886 2174 tempore
910 2108 937 2157 et
957 2101 1035 2155 exilu
1059 2099 1133 2155 dice·

123 2199 185 2237 mus
208 2185 260 2239 sub
283 2185 390 2254 olymp.
413 2186 478 2252 104,
510 2192 534 2244 1.
578 2186 665 2240 Mater
693 2183 825 2242 Cleobula
845 2185 913 2258 quid
943 2185 978 2240 de
1003 2182 1133 2256 Aphobo.

117 2267 168 2322 'cui
191 2270 225 2324 ab
249 2268 349 2322 marito
365 2267 499 2323 moriente
521 2286 592 2324 uxor
609 2269 748 2325 destinata
764 2276 836 2338 erat,
857 2271 978 2326 senserit
999 2274 1026 2323 el
1045 2272 1134 2323 ulrum

125 2351 254 2407 fraudum
283 2354 318 2408 ab
347 2351 468 2424 Aphoho
495 2355 598 2426 pariter
620 2360 702 2425 atque
731 2354 831 2408 ceteris
857 2352 967 2408 duobus
998 2351 1134 2408 tutoribus

125 2436 260 2492 laetarum
278 2438 468 2509 suspicionem
488 2440 609 2509 aliquam
628 2437 755 2494 hahuerit
774 2453 810 2491 an
828 2454 883 2492 non
899 2434 1038 2503 habuerit,
1049 2444 1134 2507 quum

125 2526 284 2590 pertulum
309 2521 410 2575 tutelae
435 2523 470 2576 ab
493 2523 546 2576 illis
569 2528 666 2592 gestae
693 2528 801 2592 tempus
822 2526 964 2591 superstes
987 2519 1086 2585 luerit,
1106 2523 1135 2571 ut

126 2609 236 2658 constat
264 2619 300 2656 ex
330 2604 456 2658 oratione
479 2611 577 2658 contra
599 2605 748 2674 Aphobum
773 2621 801 2676 p.
820 2609 881 2670 842,
903 2610 954 2671 ln,
975 2603 1134 2657 nescimus:

128 2686 163 2739 ab
178 2684 302 2740 Demone
324 2691 423 2755 patruo
447 2685 514 2740 nihil
536 2687 671 2757 praesidii
690 2695 818 2759 paratum
845 2688 931 2742 luisse
952 2684 1135 2741 Demostheni

127 2768 245 2837 eJusque
269 2768 359 2823 sorori
384 2785 420 2823 ex
446 2769 527 2824 tertia
553 2777 650 2827 contra
675 2772 825 2843 Aphobum
862 2771 987 2826 oratione
1018 2786 1047 2841 p.
1071 2772 1135 2827 eat)-

129 2890 358 2901 Μ

198 2960 227 3026 a)
245 2962 314 3012 Hanc
331 2966 494 3028 postmodum
520 2966 655 3017 Lachetem
676 2966 883 3018 Leuconoensem
900 2980 1007 3015 uxorem
1031 2963 1137 3013 duxisse

128 3029 258 3094 liliumque
277 3044 310 3082 ex
329 3048 359 3083 ea
371 3033 491 3085 habuisse
504 3034 702 3098 Democharem,
721 3044 845 3086 oratorem
862 3035 1078 3093 laudatissimum,
1096 3046 1137 3081 re-

129 3098 178 3149 fert
207 3099 447 3156 Pseudo-Plutarch.
475 3104 506 3151 V.
537 3105 626 3154 decem
653 3113 714 3156 orat.
742 3120 769 3169 p.
794 3104 844 3154 847
869 3103 898 3156 G.
935 3103 971 3152 De
994 3116 1045 3166 qno
1067 3099 1136 3152 conl.

129 3166 242 3222 Boeclrh.
263 3170 338 3234 Corp.
358 3172 436 3222 lnscr.
459 3170 511 3224 vol.
529 3173 553 3223 1.
572 3188 600 3237 p.
618 3172 678 3228 464.
698 3173 923 3224 etWestermenn.
942 3171 1137 3223 incommensu-

130 3238 242 3288 tionibus
260 3239 387 3288 societatis
403 3238 440 3288 lit.
458 3237 599 3292 Saxonicae
617 3242 667 3291 vol.
689 3243 712 3291 1.
731 3258 758 3308 p.
776 3240 834 3292 llil.

199 3303 230 3370 b)
242 3307 293 3355 llas
303 3308 414 3357 rationes
425 3309 520 3358 tabulis
529 3309 652 3360 coniectis
664 3311 791 3361 redituum
806 3316 832 3360 et
845 3324 1016 3376 expensorum
1026 3307 1138 3358 illustra·

130 3375 168 3423 vit
183 3375 330 3425 Voemelius
348 3378 375 3427 in
394 3377 481 3427 Museo
500 3377 621 3428 Rhenono
639 3392 663 3431 o.
689 3377 765 3430 1845.
785 3394 810 3443 p.
826 3379 986 3432 aaa.-tao.
1007 3385 1031 3427 et
1046 3382 1137 3427 tracto·

131 3442 166 3490 vit
184 3441 298 3495 Naberus
312 3446 338 3495 in
357 3445 520 3510 Mnemosyne
538 3446 589 3499 rol.
604 3446 628 3497 l.
648 3462 675 3512 p.
697 3446 850 3497 ree-tuti.
958 3469 962 3477 ·
