2356 3870
438 184 653 244 naamanin.
700 139 703 143 ⁵

142 374 170 428 p·
185 361 246 425 218,
261 362 306 415 nl.
322 344 501 429 προσβολάς]
516 343 675 427 προβολάς.

141 457 169 511 p.
188 444 249 510 415,
263 446 291 497 4.
306 425 585 512 ἆλαβασσροθήκας]
603 423 860 509 ἀλαβαστοθήκας.

143 540 172 593 Ρ.
191 529 251 593 586,
270 525 311 581 17.
328 511 511 596 ἕκέκρύγιιε]
528 511 674 587 ἐκλώζετε.

142 622 172 677 p·
187 610 248 674 919,
263 612 307 664 10.
323 596 498 679 διοιστσύων]
516 595 672 660 διοπεύων.

142 705 171 760 p-
190 691 252 758 973,
268 694 312 748 30.
333 679 518 762 Θρασύλλου]
536 678 708 765 Θρασύλλῳ.

143 789 172 843 p.
187 776 248 840 974,
265 778 307 830 15.
321 761 448 828 κᾶπειτα
463 771 589 828 additum
606 789 642 826 ex
658 771 887 844 Harpocratione.

143 873 172 927 p·
188 860 266 922 1157,
285 861 327 913 la.
342 847 482 930 ἐκάλουν]
497 848 697 932 ἐκαλίστρουν.

143 956 173 1010 p.
191 943 267 1007 1141,
284 943 328 997 16.
348 930 485 1020 Θρᾴκην]
494 927 600 1011 Ἄκην.

59 1156 204 1212 οαλακιοΐν
230 1159 387 1225 μαλακιῶσι
415 1162 547 1228 μαλακιεῖ
577 1158 720 1226 μαλακιῆν
752 1159 928 1222 similibusque
956 1159 1063 1225 perinde

60 1231 180 1282 omnibus
201 1231 308 1284 vitiosis.
342 1231 407 1280 llam
437 1247 530 1298 prosae
548 1232 670 1281 orationis
693 1230 844 1294 scriptores,
867 1235 896 1277 ut
918 1229 945 1277 in
969 1229 1062 1277 annot.

60 1301 94 1350 ad
116 1299 249 1350 Demosth.
276 1298 328 1348 rol.
357 1301 383 1350 5.
404 1314 431 1362 p.
451 1299 511 1352 189.
532 1300 572 1348 ed.
591 1297 672 1348 Oxou.
692 1296 844 1361 significavi,
860 1310 910 1345 una
922 1303 1065 1346 constanter

60 1368 143 1420 forma
158 1368 200 1415 usl
217 1375 276 1415 sunt
289 1364 396 1428 μαλκίω
416 1380 473 1414 cnm
487 1366 612 1414 inllnltivo
630 1363 770 1429 μαλκίοιν,
789 1373 816 1412 nt
834 1362 925 1427 μηνίω
942 1362 1063 1428 μηνίειν,

62 1436 203 1495 eademqne
225 1434 304 1483 utitur
331 1442 407 1498 poeta
428 1435 529 1498 ignotus
554 1432 823 1496 cnjus-hexametrum
845 1432 956 1480 servavit
984 1431 1063 1482 schol.

62 1502 185 1552 Nicandri
207 1500 254 1549 Th.
281 1501 340 1552 382.
367 1496 528 1564 πνεύματος
544 1492 693 1565 ἀργαλέοιο
713 1490 818 1549 κόνοιύ
831 1512 861 1548 τι
877 1497 1064 1563 μαλκείονιις,

62 1571 107 1620 nbi
123 1568 294 1652 diphthongus
309 1569 359 1618 iota
372 1569 476 1635 longum
489 1569 623 1636 significat,
642 1569 659 1618 i.
676 1584 698 1622 e.
711 1565 885 1630 μαλκίοντοσ.
903 1568 976 1632 Epiai
988 1569 1065 1618 etiam

47 1637 184 1704 ,μαλκιοω
209 1636 305 1687 dlxlsse
327 1636 459 1698 videntur,
488 1639 510 1687 sl
536 1636 600 1687 fides
623 1636 709 1716 libris,
728 1644 756 1687 nt
773 1627 883 1701 μητιόα
904 1651 950 1702 pra
974 1634 1064 1701 μησίν)

61 1715 86 1758 et
103 1721 154 1757 uuo
171 1708 198 1755 iu
222 1705 277 1755 loco
301 1706 385 1770 Apoll.
407 1706 457 1759 ltlr.
482 1708 507 1761 2.
531 1708 592 1758 247.
617 1717 757 1769 μηνιοωσι
783 1720 829 1769 pro
846 1705 994 1768 μηνίουσι,
1015 1718 1065 1768 qna

61 1776 144 1827 iorraa
162 1775 217 1824 sola
235 1776 276 1824 usi
287 1785 345 1824 sunt
356 1776 422 1840 epici
439 1774 524 1839 ceteri,
539 1775 634 1838 dictum
653 1782 701 1823 est.
739 1773 782 1823 Sic
793 1764 981 1837 autumantes
995 1788 1009 1822 a
1030 1772 1065 1821 ud

61 1844 201 1895 Hesiodum
220 1842 267 1908 Op.
290 1843 349 1896 530.
375 1845 413 1925 ιοὁ
431 1843 528 1924 Gratata
541 1843 643 1921 lectum
657 1843 739 1893 fuisse
758 1843 875 1919 nnyimns
904 1854 952 1906 pro
969 1855 1008 1903 μυ
1037 1831 1065 1888 ύ-

59 1907 1065 2044 144111141111119114λίλῖῑίλλλίίλλί11141

60 2047 177 2112 Xenoph.
197 2046 291 2113 θροις.
318 2050 344 2113 5,
366 2052 390 2100 1.
404 2043 438 2097 αλ
451 2040 536 2105 κύνες
552 2045 725 2112 μαλακιῶσαι
737 2045 936 2112 (μαλακιούσαι
952 2061 994 2113 ap.
1006 2045 1066 2096 Pol·

62 2117 144 2166 luoem
168 2115 193 2173 5,
216 2117 259 2168 49.
278 2117 304 2165 ln
322 2113 495 2181 palestricae
513 2123 635 2166 mutatum
654 2116 686 2164 ab
704 2113 832 2176 Knehnln)
850 2107 900 2171 τὰς
911 2107 1001 2180 δίνας,
1020 2127 1063 2178 ap.

61 2184 168 2237 Lucian.
186 2183 294 2262 Lauinii.
314 2201 336 2237 a.
359 2188 386 2236 2.
405 2182 530 2250 μαλακιῶ
551 2177 583 2241 al
609 2181 701 2246 σῶμα,
724 2199 768 2250 ap.
785 2183 850 2232 Plut.
872 2183 936 2235 Mor.
962 2198 988 2247 p.
1013 2179 1065 2234 559
1093 2176 1099 2185 ’

61 2253 90 2303 F.
113 2244 150 2299 du
171 2246 218 2322 εἰς,
233 2266 284 2309 τας
306 2247 391 2317 χηλὰς
408 2250 579 2316 μαλακιῶσι,
596 2252 719 2301 Themist.
743 2265 782 2303 or.
800 2253 828 2313 4,
847 2266 873 2314 p.
896 2250 931 2302 50
950 2250 977 2302 0.
1004 2245 1065 2312 κρέ-

62 2333 153 2386 μονσα
164 2313 211 2366 καλ
223 2317 401 2382 μαλακιῶντα
417 2320 487 2384 (cod.
507 2319 609 2368 Mediol.
623 2317 809 2382 μαλκιώντα),
828 2319 921 2379 quibus
932 2315 1066 2381 μαλκίοο-

63 2401 122 2452 σαι,
146 2383 267 2450 manto,
291 2384 442 2449 μαλκίοιοι,
462 2385 616 2451 μαλκίοντα
633 2385 788 2435 restituenda
803 2400 861 2435 esse
878 2384 1011 2449 probabile
1026 2385 1066 2433 vi·

64 2458 146 2517 detur,
166 2462 193 2503 ut
208 2455 263 2504 dixi
276 2455 302 2503 in
315 2454 426 2504 Liddelli
445 2463 469 2504 et
486 2453 567 2503 Scotti
583 2453 677 2503 Lexicn
693 2467 719 2518 p.
732 2453 793 2504 841.
807 2452 846 2502 ed.
859 2460 971 2514 quartae,
989 2465 1066 2515 quum

63 2541 96 2573 ne
118 2522 239 2573 Aelianus
262 2525 364 2585 quidem
389 2524 462 2573 aliter
485 2523 591 2572 dixerit:
616 2537 674 2570 nam
699 2537 763 2585 quae
786 2521 855 2587 apud
873 2536 930 2570 enni
949 2521 1067 2586 leguntur

65 2593 111 2658 (N.
136 2596 169 2646 A.
190 2593 214 2654 l,
232 2590 275 2643 32.
299 2592 324 2651 5,
346 2593 388 2645 12.
404 2592 429 2649 9,
446 2593 471 2642 4.
491 2598 516 2641 et
535 2587 590 2654 16.)
614 2589 752 2655 μαλακιελ,
773 2588 920 2654 μαλακιελν
937 2598 962 2640 et
979 2587 1065 2654 μαλα-

30 2713 37 2725 ,
64 2655 183 2710 κιοῦσαν
200 2659 263 2709 nihil
282 2660 352 2710 alind
376 2669 434 2710 sant
450 2675 525 2724 quarn
542 2657 664 2723 μαλκίει,
684 2657 812 2722 μαλκίειν
835 2665 860 2708 et
882 2658 1065 2723 μαλκίονσαν,

66 2733 97 2780 ab
118 2729 229 2778 librariis
247 2724 465 2792 περισπωμένως
483 2729 576 2793 scripta
592 2735 620 2776 nt
638 2724 749 2790 μηνίων
765 2727 791 2787 6,
814 2726 855 2778 17.
872 2727 938 2777 male
954 2722 1065 2791 μηνιῶν

65 2800 186 2862 scripturn
204 2805 250 2859 est,
268 2797 336 2859 qnod
347 2797 469 2847 Aelianus
487 2811 536 2845 nnn
554 2797 637 2861 magis
651 2810 726 2858 qnam
745 2791 865 2859 μαλκιᾶν
879 2797 977 2846 dixisse
993 2794 1065 2844 vide-

65 2875 119 2928 tur,
139 2867 187 2917 etsi
205 2862 311 2929 μηνιᾶν
330 2866 466 2931 scriptores
485 2865 588 2927 quidam
612 2863 761 2914 inferiorum
777 2871 919 2927 temporum
938 2865 1065 2913 dixerunt.

66 2933 290 2989 Grammaticorum
307 2935 452 2986 testimonia
473 2932 604 2998 (Hesychii
627 2947 647 2980 s.
668 2947 693 2984 v.
717 2931 844 2996 μαλκιοῐν
863 2941 888 2982 et
907 2929 1066 2997 μαλκίεσον,

65 3003 149 3054 Photii
177 3001 276 3067 duabus
300 3004 325 3052 in
349 3002 443 3068 glossis
462 3003 517 3051 sine
546 3009 649 3051 accentu
673 3001 774 3066 scriptis
801 3015 828 3066 p.
848 3002 908 3060 244,
935 2999 975 3051 16.
1000 2998 1066 3064 μαλ-

65 3085 132 3135 κιην
156 3079 179 3120 et
204 3069 333 3135 μαλκιεν,
353 3069 522 3136 Etymologici
545 3070 579 3118 M..
598 3083 625 3134 p.
646 3070 706 3128 574,
729 3069 772 3122 el.
799 3083 831 3119 ax
850 3068 981 3119 codicibus
1006 3082 1067 3132 snp-

64 3141 129 3206 plati
137 3141 168 3190 ab
179 3138 335 3202 Gaislnrdic)
349 3141 407 3203 ipsa
420 3154 529 3200 qnoque,
549 3139 596 3187 etsl
605 3137 697 3201 partim
711 3136 802 3186 vltloss
820 3139 923 3202 scripta,
936 3138 968 3186 ad
981 3150 1066 3184 varam

65 3208 137 3258 verbi
156 3208 261 3261 sormam
281 3205 388 3263 ducunt,
413 3207 445 3256 de
471 3221 521 3269 qne
545 3206 656 3256 breviter
673 3207 840 3268 distincteque
863 3206 1018 3270 praecipitur
1039 3205 1066 3251 ln

65 3277 174 3342 Etymol.
199 3278 342 3327 vossiano:
364 3273 493 3340 μαλκίειν
511 3300 545 3310 -
561 3271 668 3338 γίνεται
685 3265 742 3324 ἆκὸ
764 3271 816 3323 τοῦ
831 3266 956 3337 μαλακὸς
981 3270 1067 3336 μαλα·

65 3347 118 3394 κίοι
146 3339 194 3395 καλ
212 3341 359 3408 μαλακίαν
378 3339 428 3392 καλ
450 3341 587 3407 μαλκίειν.
636 3343 718 3392 litiam
746 3338 882 3406 μαλκιῆν,
909 3350 938 3391 nt
967 3337 1067 3403 διψῆν,

44 3414 164 3463 odictum
188 3412 268 3464 luisse
292 3428 325 3462 ex
347 3411 482 3476 μαλκιην,
504 3412 622 3462 lemmate
638 3411 741 3476 glossae
762 3409 912 3474 Phanaeus,
937 3416 963 3459 et
983 3407 1067 3472 μαλα-

1092 3616 1114 3650 al
