2340 3894
97 174 162 257 1³⁶.
312 232 315 239 -
363 177 426 245 ΧΗ·
463 173 775 255 [mmmm]

97 347 180 406 σθαι
192 335 255 423 μὲν
267 331 352 424 πρδς
363 335 424 402 τόν
440 332 603 420 πόλεμον,
625 341 829 423 παρακαλεῖν
844 335 884 401 δὲ
900 333 1052 415 τοὺςᾶλ-

96 442 178 514 λους
186 430 367 521 Ἕλληνας,
379 431 425 520 μή
437 433 567 521 λόγοις,
578 430 664 502 όλλὺ
674 445 744 515 τοῖς
754 436 881 521 ἔργοις,
895 431 981 519 πρὸς
992 433 1052 519 τήν

96 529 169 617 παρ’
190 531 291 625 ήμοῖν
307 538 515 619 συμμαχίαν·
543 528 588 613 ὥς
604 528 690 612 ἅπας
705 532 767 618 μέν
784 533 854 601 ἐστι
871 531 974 618 λόγος
988 533 1054 619 μά-

95 655 187 712 ταιος
207 631 362 717 πράξεων
385 627 524 718 άμοιρος
547 631 743 717 γενόμενος,
766 633 917 721 τοσούτῳ
934 629 973 699 δὲ
987 631 1055 716 μά-

95 737 193 800 λιστα
203 726 222 799 ό
233 728 323 814 παρά
335 736 393 817 τής
407 729 566 818 ἡμετέρας
577 731 717 817 πόλεως,
728 726 796 821 όσμ
808 734 978 815 δοκοῦμεν
988 726 1054 799 αό-

95 834 143 921 τρῖ
155 829 396 916 προχειρότατα
405 838 550 917 χρῆσθαι
565 836 635 917 τῶν,
647 825 944 914 άλλωυἙλλήνων.
1004 876 1019 901 .

422 1094 737 1105 mmo—-

303 1439 558 1528 ωαυττοκει
600 1437 853 1509 mmmmm

100 1593 279 1693 Φίλιππος
292 1612 480 1700 Ἀθηναίων
495 1623 537 1703 τῇ
551 1620 658 1703 βοῦλή
676 1613 792 1699 καὶτῷ
812 1608 905 1698 δήμῳ
922 1614 1055 1695 χαίρειν.

100 1716 227 1805 Ἐπειδή
238 1718 397 1797 πολλάκις
406 1744 473 1805 μου
489 1721 643 1806 πρέσβεις
660 1716 929 1797 ἀποστείλαντος,
945 1710 987 1781 ἵν’
1001 1716 1056 1798 έμ-

100 1824 265 1904 μείνωμεν
286 1832 354 1896 τοῖς
371 1816 483 1904 ὅρκοις
504 1819 559 1886 καὶ
578 1832 648 1899 ταῖς
669 1815 810 1903 όμολογί
808 1842 876 1901 αις,
897 1811 1058 1931 οὐδεμίαν

101 1919 268 1983 ἐποιεῖσθε
289 1913 565 2011 ἐπιστροφήν,
536 1942 630 2006 ῳμηυ
642 1919 713 1982 δειν
730 1915 855 1999 πέμψαι
871 1912 956 1996 πρός
972 1906 1057 1997 ὑμάς

99 2004 224 2096 ὑπὲρ
196 2038 245 2079 ων
254 2010 442 2081 αδικεϊσθαι
452 2020 581 2099 νομιζω
600 2040 645 2100 μη
635 2011 848 2099 θαυμασητε
859 2007 939 2079 δε
904 2036 943 2079 το
954 2035 1057 2095 μηκας

102 2118 160 2197 τῆς
174 2112 362 2197 ἐπιστολῆς·
385 2119 521 2181 πολλῶν
535 2111 600 2198 γάρ
612 2109 833 2198 ὑπαρχόντων
843 2108 1057 2197 ἐγκλημάτων

102 2208 286 2295 ἀναγκαῖόν
297 2213 387 2278 ἐστιν
397 2207 510 2297 ὑπὲρ
493 2213 650 2280 στάντων
661 2217 807 2297 δηλωσαι
816 2215 988 2293 καθαρως.
1049 2274 1053 2283 ,
1066 2226 1097 2280 1ο

185 2315 328 2395 Πρῶτον
344 2307 406 2395 μὲν
415 2310 480 2399 γάρ
491 2317 615 2380 Νικίου
631 2318 693 2380 τοῦ
707 2309 853 2397 κήρυκος
863 2306 1058 2392 ἁρπασθέν-

101 2434 157 2488 τος
168 2412 206 2479 έκ
216 2417 275 2496 τής
283 2409 392 2496 χώρας
401 2418 459 2496 τής
469 2413 548 2498 έμής
558 2408 600 2479 οὐ
609 2424 677 2490 τοϊς
688 2415 942 2495 παρανομοῦσιν
952 2410 1060 2476 ἐπετι-

15 2506 24 2519 χ
102 2509 242 2596 μήσατε,
253 2506 338 2577 άλλά
347 2506 408 2577 τόν
418 2507 641 2595 άδικοόμενον
653 2511 777 2595 εἵρξατε
796 2510 875 2575 δέκα
884 2513 1008 2593 μῆνας·
1020 2502 1059 2583 άς

104 2604 135 2672 δ’
150 2612 246 2692 ἔφερε
258 2605 334 2694 παρ’
345 2604 640 2695 ήμοῦυέπιστολάς,
664 2606 831 2694 ἀνέγνωτε
847 2609 900 2675 ἐπὶ
915 2612 979 2674 τοῦ
994 2605 1059 2692 βήν

103 2729 213 2789 ματος.
246 2708 357 2772 ἔπειτα
375 2712 509 2773 Θασίων
524 2704 779 2794 ὑποδεχομένων
792 2703 852 2784 τάς
866 2710 1060 2786 Βυζαντίων

102 2801 251 2887 τριήρεις
270 2806 326 2868 καί
349 2827 418 2869 των
441 2810 574 2891 ληστων
597 2802 677 2884 τοὺς
706 2806 934 2891 βουλομένους
958 2800 1060 2871 οὐδὲν

104 2900 338 2986 ἐφροντιῖετε,
340 2907 408 2967 τῶν
421 2910 604 2988 ουνθηκων
616 2902 800 2991 διαρρήδην
811 2909 985 2988 λεγουσων
996 2925 1060 2968 πο·

75 2996 285 3084 3λιμίουςί
254 3024 339 3067 εναι
356 2999 435 3080 τοὺς
452 3010 556 3069 ταῦτα
574 3009 762 3080 ποιοῦντας.
796 3008 844 3069 ἔτι
855 3004 972 3081 τοίνυν
985 2999 1060 3117 περὶ

103 3093 182 3175 τοὺς
194 3091 319 3175 αὐτοὺς
330 3098 474 3182 χρόνους
484 3109 605 3169 Διοπεί
591 3110 670 3188 ίθης
681 3098 885 3187 έμβαλωνί
854 3125 870 3169 ε
884 3126 901 3178 ς
918 3096 981 3186 τήν
992 3097 1061 3184 χά-

103 3222 166 3279 ραν
177 3194 426 3283 Ιίρωβόληνὲ
386 3225 409 3283 μ
426 3224 447 3266 ν
465 3198 574 3268 καί
538 3227 600 3286 την
615 3207 806 3285 Τιρίστασιν
819 3202 1061 3285 ἐξηνδραποδί-

102 3314 193 3382 σατο,
205 3295 268 3383 τήν
280 3295 317 3364 δὲ
331 3306 480 3384 προσεχῆ
493 3300 630 3388 Θράκην
648 3297 832 3385 ἐπόρθησε,
853 3299 945 3375 τέλος
965 3297 1001 3365 δὲ
1012 3301 1061 3374 είς

100 3402 199 3463 τουτο
218 3388 304 3489 ήλθε
323 3404 531 3484 παρανομίας
556 3397 639 3467 ὥστε
655 3392 965 3485 Ἀμφίλοχονὺπὲρ
989 3402 1060 3463 τῶν
