<?xml version="1.0" encoding="UTF-8"?>
<!DOCTYPE html PUBLIC "-//W3C//DTD XHTML 1.0 Transitional//EN"
    "http://www.w3.org/TR/xhtml1/DTD/xhtml1-transitional.dtd">
<html xmlns="http://www.w3.org/1999/xhtml" xml:lang="en" lang="en">
 <head>
  <title>
</title>
<meta http-equiv="Content-Type" content="text/html;charset=utf-8" />
  <meta name='ocr-system' content='tesseract 3.04.00' />
  <meta name='ocr-capabilities' content='ocr_page ocr_carea ocr_par ocr_line ocrx_word'/>
</head>
<body>
  <div class='ocr_page' id='page_1' title='image "./orationesexrece03demogoog_0327.png"; bbox 0 0 2340 3894; ppageno 0'>
   <div class='ocr_carea' id='block_1_1' title="bbox 166 191 912 275">
    <p class='ocr_par' dir='ltr' id='par_1_1' title="bbox 166 191 912 275">
     <span class='ocr_line' id='line_1_1' title="bbox 166 191 912 275; baseline -0.005 -15"><span class='ocrx_word' id='word_1_1' title='bbox 166 191 229 275; x_wconf 66' lang='lat'>162</span> <span class='ocrx_word' id='word_1_2' title='bbox 376 197 448 256; x_wconf 84' lang='lat' dir='ltr'><strong>xlv.</strong></span> <span class='ocrx_word' id='word_1_3' title='bbox 464 219 473 230; x_wconf 28' lang='grc' dir='ltr'><strong><em>ε</em></strong></span> <span class='ocrx_word' id='word_1_4' title='bbox 491 192 912 256; x_wconf 70' lang='grc' dir='ltr'><em>ΔΗΜΟΣΘΕΝΟῬΣ</em></span> 
     </span>
    </p>
   </div>
   <div class='ocr_carea' id='block_1_2' title="bbox 35 351 1160 3492">
    <p class='ocr_par' dir='ltr' id='par_1_2' title="bbox 35 351 1160 3492">
     <span class='ocr_line' id='line_1_2' title="bbox 166 351 1121 473; baseline -0.005 -49"><span class='ocrx_word' id='word_1_5' title='bbox 166 352 240 424; x_wconf 83' lang='lat'>066’</span> <span class='ocrx_word' id='word_1_6' title='bbox 259 351 420 424; x_wconf 71' lang='grc' dir='ltr'><strong><em>άᾱικεῖν’</em></strong></span> <span class='ocrx_word' id='word_1_7' title='bbox 402 361 488 440; x_wconf 79' lang='grc' dir='ltr'><strong><em>ημᾶς</em></strong></span> <span class='ocrx_word' id='word_1_8' title='bbox 503 356 630 422; x_wconf 78' lang='grc' dir='ltr'><strong><em>ἐκεῖνον</em></strong></span> <span class='ocrx_word' id='word_1_9' title='bbox 645 351 824 438; x_wconf 80' lang='grc' dir='ltr'><strong><em>ἀδίκημ’</em></strong></span> <span class='ocrx_word' id='word_1_10' title='bbox 802 380 845 420; x_wconf 92' lang='grc' dir='ltr'><strong><em>αν</em></strong></span> <span class='ocrx_word' id='word_1_11' title='bbox 864 359 980 439; x_wconf 65' lang='grc' dir='ltr'><strong><em>ἔθηκα</em></strong></span> <span class='ocrx_word' id='word_1_12' title='bbox 1010 351 1121 473; x_wconf 70' lang='grc' dir='ltr'><strong><em>ἐπειδη</em></strong></span> 
     </span>
     <span class='ocr_line' id='line_1_3' title="bbox 167 450 1121 540; baseline -0.005 -17"><span class='ocrx_word' id='word_1_13' title='bbox 167 455 203 524; x_wconf 69' lang='grc' dir='ltr'><strong><em>δὲ</em></strong></span> <span class='ocrx_word' id='word_1_14' title='bbox 215 453 305 523; x_wconf 81' lang='grc' dir='ltr'><strong><em>τοῦτ’</em></strong></span> <span class='ocrx_word' id='word_1_15' title='bbox 331 451 392 540; x_wconf 79' lang='grc' dir='ltr'><strong><em>οὐχ</em></strong></span> <span class='ocrx_word' id='word_1_16' title='bbox 410 451 519 530; x_wconf 80' lang='grc' dir='ltr'><strong><em>οὕτως</em></strong></span> <span class='ocrx_word' id='word_1_17' title='bbox 535 456 616 538; x_wconf 81' lang='grc' dir='ltr'><strong><em>ἔχει,</em></strong></span> <span class='ocrx_word' id='word_1_18' title='bbox 639 452 871 536; x_wconf 72' lang='grc' dir='ltr'><strong><em>φυλάττεσθαί</em></strong></span> <span class='ocrx_word' id='word_1_19' title='bbox 886 478 972 537; x_wconf 90' lang='grc' dir='ltr'><strong><em>φημι</em></strong></span> <span class='ocrx_word' id='word_1_20' title='bbox 987 456 1058 519; x_wconf 74' lang='grc' dir='ltr'><strong><em>δεῖν</em></strong></span> <span class='ocrx_word' id='word_1_21' title='bbox 1075 450 1121 538; x_wconf 75' lang='grc' dir='ltr'><strong><em>μὴ</em></strong></span> 
     </span>
     <span class='ocr_line' id='line_1_4' title="bbox 165 539 1123 675; baseline -0.005 -52"><span class='ocrx_word' id='word_1_22' title='bbox 165 551 338 675; x_wconf 83' lang='grc' dir='ltr'><strong><em>πρόφασιν</em></strong></span> <span class='ocrx_word' id='word_1_23' title='bbox 355 555 465 636; x_wconf 79' lang='grc' dir='ltr'><strong><em>δωμεν</em></strong></span> <span class='ocrx_word' id='word_1_24' title='bbox 479 557 618 636; x_wconf 79' lang='grc' dir='ltr'><strong><em>βασιλεῖ</em></strong></span> <span class='ocrx_word' id='word_1_25' title='bbox 622 539 688 618; x_wconf 69' lang='lat'><strong><em>606</em></strong></span> <span class='ocrx_word' id='word_1_26' title='bbox 700 575 742 617; x_wconf 85' lang='grc' dir='ltr'><strong><em>τα</em></strong></span> <span class='ocrx_word' id='word_1_27' title='bbox 730 547 869 618; x_wconf 75' lang='grc' dir='ltr'><strong><em>δίκαια</em></strong></span> <span class='ocrx_word' id='word_1_28' title='bbox 886 550 970 636; x_wconf 75' lang='grc' dir='ltr'><strong><em>ὑπὲρ</em></strong></span> <span class='ocrx_word' id='word_1_29' title='bbox 981 576 1050 618; x_wconf 86' lang='grc' dir='ltr'><strong><em>των</em></strong></span> <span class='ocrx_word' id='word_1_30' title='bbox 1061 549 1123 618; x_wconf 83' lang='grc' dir='ltr'><strong><em>άλ-</em></strong></span> 
     </span>
     <span class='ocr_line' id='line_1_5' title="bbox 163 645 1123 768; baseline -0.004 -48"><span class='ocrx_word' id='word_1_31' title='bbox 163 660 235 721; x_wconf 90' lang='grc' dir='ltr'><strong><em>λων</em></strong></span> <span class='ocrx_word' id='word_1_32' title='bbox 242 648 437 737; x_wconf 76' lang='grc' dir='ltr'><strong><em>Ἐλλήνωνζ</em></strong></span> <span class='ocrx_word' id='word_1_33' title='bbox 435 663 540 735; x_wconf 86' lang='grc' dir='ltr'><strong><em>ητεϊν·</em></strong></span> <span class='ocrx_word' id='word_1_34' title='bbox 563 645 849 768; x_wconf 66' lang='grc' dir='ltr'><strong><em>ησνχίανμλνγάρ</em></strong></span> <span class='ocrx_word' id='word_1_35' title='bbox 861 645 1045 734; x_wconf 43' lang='grc' dir='ltr'><strong><em>ἐχόντων(</em></strong></span> <span class='ocrx_word' id='word_1_36' title='bbox 1024 675 1123 735; x_wconf 89' lang='grc' dir='ltr'><strong><em>υμων</em></strong></span> 
     </span>
     <span class='ocr_line' id='line_1_6' title="bbox 166 744 1122 865; baseline -0.003 -48"><span class='ocrx_word' id='word_1_37' title='bbox 166 748 315 829; x_wconf 75' lang='grc' dir='ltr'><strong><em>ὕποπτος</em></strong></span> <span class='ocrx_word' id='word_1_38' title='bbox 325 745 369 817; x_wconf 87' lang='grc' dir='ltr'><strong><em>άν</em></strong></span> <span class='ocrx_word' id='word_1_39' title='bbox 380 757 430 835; x_wconf 76' lang='grc' dir='ltr'><strong><em>εἴη</em></strong></span> <span class='ocrx_word' id='word_1_40' title='bbox 442 744 575 816; x_wconf 86' lang='grc' dir='ltr'><strong><em>τοιοῦτό</em></strong></span> <span class='ocrx_word' id='word_1_41' title='bbox 584 773 615 812; x_wconf 87' lang='grc' dir='ltr'><strong><em>τι</em></strong></span> <span class='ocrx_word' id='word_1_42' title='bbox 630 747 800 833; x_wconf 90' lang='grc' dir='ltr'><strong><em>πράττων,</em></strong></span> <span class='ocrx_word' id='word_1_43' title='bbox 818 746 965 831; x_wconf 86' lang='grc' dir='ltr'><strong><em>πόλεμον</em></strong></span> <span class='ocrx_word' id='word_1_44' title='bbox 976 746 1012 814; x_wconf 74' lang='grc' dir='ltr'><strong><em>δὲ</em></strong></span> <span class='ocrx_word' id='word_1_45' title='bbox 1024 771 1122 865; x_wconf 84' lang='grc' dir='ltr'><strong><em>ποιη-</em></strong></span> 
     </span>
     <span class='ocr_line' id='line_1_7' title="bbox 165 839 1122 937; baseline -0.006 -20"><span class='ocrx_word' id='word_1_46' title='bbox 165 851 321 937; x_wconf 87' lang='grc' dir='ltr'><strong><em>σαμένων</em></strong></span> <span class='ocrx_word' id='word_1_47' title='bbox 341 848 512 932; x_wconf 79' lang='grc' dir='ltr'><strong><em>προτέρων</em></strong></span> <span class='ocrx_word' id='word_1_48' title='bbox 535 839 712 924; x_wconf 75' lang='grc' dir='ltr'><strong><em>εἰκότως</em></strong></span> <span class='ocrx_word' id='word_1_49' title='bbox 690 871 734 911; x_wconf 91' lang='grc' dir='ltr'><strong><em>αν</em></strong></span> <span class='ocrx_word' id='word_1_50' title='bbox 754 848 869 931; x_wconf 75' lang='grc' dir='ltr'><strong><em>δοκοίη</em></strong></span> <span class='ocrx_word' id='word_1_51' title='bbox 886 841 941 910; x_wconf 78' lang='grc' dir='ltr'><strong><em>διά</em></strong></span> <span class='ocrx_word' id='word_1_52' title='bbox 957 844 1022 930; x_wconf 75' lang='grc' dir='ltr'><strong><em>τὴν</em></strong></span> <span class='ocrx_word' id='word_1_53' title='bbox 1038 842 1122 929; x_wconf 81' lang='grc' dir='ltr'><strong><em>πρός</em></strong></span> 
     </span>
     <span class='ocr_line' id='line_1_8' title="bbox 118 930 1119 1034; baseline 0.001 -25"><span class='ocrx_word' id='word_1_54' title='bbox 118 946 251 1034; x_wconf 72' lang='grc' dir='ltr'><strong><em>ὃθὺμάς</em></strong></span> <span class='ocrx_word' id='word_1_55' title='bbox 272 952 398 1032; x_wconf 77' lang='grc' dir='ltr'><strong><em>ἔχθραν</em></strong></span> <span class='ocrx_word' id='word_1_56' title='bbox 418 959 486 1022; x_wconf 78' lang='grc' dir='ltr'><strong><em>τοῖς</em></strong></span> <span class='ocrx_word' id='word_1_57' title='bbox 506 943 618 1021; x_wconf 80' lang='grc' dir='ltr'><strong><em>ἄλλοις</em></strong></span> <span class='ocrx_word' id='word_1_58' title='bbox 634 943 777 1029; x_wconf 84' lang='grc' dir='ltr'><strong><em>φίλοςλ</em></strong></span> <span class='ocrx_word' id='word_1_59' title='bbox 746 971 762 1010; x_wconf 89' lang='grc' dir='ltr'><strong><em>ε</em></strong></span> <span class='ocrx_word' id='word_1_60' title='bbox 776 970 830 1011; x_wconf 92' lang='grc' dir='ltr'><strong><em>ναι</em></strong></span> <span class='ocrx_word' id='word_1_61' title='bbox 846 942 1039 1031; x_wconf 73' lang='grc' dir='ltr'><strong><em>βούλεσθαι.</em></strong></span> <span class='ocrx_word' id='word_1_62' title='bbox 1075 930 1119 1031; x_wconf 77' lang='grc' dir='ltr'><strong><em>μη</em></strong></span> 
     </span>
     <span class='ocr_line' id='line_1_9' title="bbox 164 1038 1121 1129; baseline -0.004 -16"><span class='ocrx_word' id='word_1_63' title='bbox 164 1038 228 1113; x_wconf 81' lang='grc' dir='ltr'><strong><em>οὖν</em></strong></span> <span class='ocrx_word' id='word_1_64' title='bbox 249 1039 476 1129; x_wconf 57' lang='grc' dir='ltr'><strong><em>ἐξελέγξητεο</em></strong></span> <span class='ocrx_word' id='word_1_65' title='bbox 452 1069 497 1121; x_wconf 86' lang='grc' dir='ltr'><strong><em>ως</em></strong></span> <span class='ocrx_word' id='word_1_66' title='bbox 517 1069 628 1121; x_wconf 88' lang='grc' dir='ltr'><strong><em>κακως</em></strong></span> <span class='ocrx_word' id='word_1_67' title='bbox 644 1048 708 1128; x_wconf 83' lang='grc' dir='ltr'><strong><em>ἐχει</em></strong></span> <span class='ocrx_word' id='word_1_68' title='bbox 728 1041 768 1109; x_wconf 84' lang='grc' dir='ltr'><strong><em>τά</em></strong></span> <span class='ocrx_word' id='word_1_69' title='bbox 779 1040 970 1128; x_wconf 80' lang='grc' dir='ltr'><strong><em>Ελληνικά,</em></strong></span> <span class='ocrx_word' id='word_1_70' title='bbox 993 1061 1121 1127; x_wconf 92' lang='grc' dir='ltr'><strong><em>συγκα-</em></strong></span> 
     </span>
     <span class='ocr_line' id='line_1_10' title="bbox 163 1137 1121 1229; baseline -0.006 -17"><span class='ocrx_word' id='word_1_71' title='bbox 163 1140 361 1220; x_wconf 83' lang='grc' dir='ltr'><strong><em>λοῦντεςότ’</em></strong></span> <span class='ocrx_word' id='word_1_72' title='bbox 373 1169 415 1211; x_wconf 90' lang='grc' dir='ltr'><strong><em>ου</em></strong></span> <span class='ocrx_word' id='word_1_73' title='bbox 404 1141 570 1229; x_wconf 86' lang='grc' dir='ltr'><strong><em>’πείσετε,</em></strong></span> <span class='ocrx_word' id='word_1_74' title='bbox 593 1168 648 1209; x_wconf 88' lang='grc' dir='ltr'><strong><em>και</em></strong></span> <span class='ocrx_word' id='word_1_75' title='bbox 637 1138 911 1227; x_wconf 87' lang='grc' dir='ltr'><strong><em>πολεμουντες</em></strong></span> <span class='ocrx_word' id='word_1_76' title='bbox 890 1167 929 1210; x_wconf 88' lang='grc' dir='ltr'><strong><em>οτ</em></strong></span> <span class='ocrx_word' id='word_1_77' title='bbox 960 1167 1003 1209; x_wconf 93' lang='grc' dir='ltr'><strong><em>ου</em></strong></span> <span class='ocrx_word' id='word_1_78' title='bbox 992 1137 1121 1227; x_wconf 75' lang='grc' dir='ltr'><strong><em>δυνη-</em></strong></span> 
     </span>
     <span class='ocr_line' id='line_1_11' title="bbox 162 1238 1122 1328; baseline -0.005 -18"><span class='ocrx_word' id='word_1_79' title='bbox 162 1251 280 1311; x_wconf 76' lang='grc' dir='ltr'><strong><em>σεσθε·</em></strong></span> <span class='ocrx_word' id='word_1_80' title='bbox 303 1238 377 1310; x_wconf 79' lang='grc' dir='ltr'><strong><em>ἀλλ’</em></strong></span> <span class='ocrx_word' id='word_1_81' title='bbox 397 1247 483 1328; x_wconf 74' lang='grc' dir='ltr'><strong><em>ἔχετε</em></strong></span> <span class='ocrx_word' id='word_1_82' title='bbox 493 1239 634 1328; x_wconf 79' lang='grc' dir='ltr'><strong><em>ἡσυχίαν</em></strong></span> <span class='ocrx_word' id='word_1_83' title='bbox 645 1246 854 1325; x_wconf 79' lang='grc' dir='ltr'><strong><em>θαρροῦντες</em></strong></span> <span class='ocrx_word' id='word_1_84' title='bbox 864 1240 919 1306; x_wconf 81' lang='grc' dir='ltr'><strong><em>καὶ</em></strong></span> <span class='ocrx_word' id='word_1_85' title='bbox 929 1257 1122 1321; x_wconf 84' lang='grc' dir='ltr'><strong><em>παρασκευ-</em></strong></span> 
     </span>
     <span class='ocr_line' id='line_1_12' title="bbox 162 1334 1160 1427; baseline 0.001 -20"><span class='ocrx_word' id='word_1_86' title='bbox 162 1339 324 1427; x_wconf 75' lang='grc' dir='ltr'><strong><em>αζόμενοι,</em></strong></span> <span class='ocrx_word' id='word_1_87' title='bbox 333 1341 387 1408; x_wconf 86' lang='grc' dir='ltr'><strong><em>καὶ</em></strong></span> <span class='ocrx_word' id='word_1_88' title='bbox 396 1339 561 1425; x_wconf 74' lang='grc' dir='ltr'><strong><em>βούλεσθε</em></strong></span> <span class='ocrx_word' id='word_1_89' title='bbox 570 1336 835 1425; x_wconf 65' lang='grc' dir='ltr'><strong><em>ἀπαγγέλλεσθαι</em></strong></span> <span class='ocrx_word' id='word_1_90' title='bbox 845 1339 920 1423; x_wconf 82' lang='grc' dir='ltr'><strong><em>περὶ</em></strong></span> <span class='ocrx_word' id='word_1_91' title='bbox 931 1334 1028 1423; x_wconf 74' lang='grc' dir='ltr'><strong><em>ὑμῶν</em></strong></span> <span class='ocrx_word' id='word_1_92' title='bbox 1039 1340 1122 1424; x_wconf 83' lang='grc' dir='ltr'><strong><em>πρός</em></strong></span> <span class='ocrx_word' id='word_1_93' title='bbox 1133 1355 1160 1408; x_wconf 68' lang='lat'>16</span> 
     </span>
     <span class='ocr_line' id='line_1_13' title="bbox 161 1433 1121 1526; baseline -0.004 -18"><span class='ocrx_word' id='word_1_94' title='bbox 161 1441 297 1526; x_wconf 79' lang='grc' dir='ltr'><strong><em>βασιλέα</em></strong></span> <span class='ocrx_word' id='word_1_95' title='bbox 305 1438 350 1525; x_wconf 82' lang='grc' dir='ltr'><strong><em>μὴ</em></strong></span> <span class='ocrx_word' id='word_1_96' title='bbox 361 1435 408 1525; x_wconf 82' lang='grc' dir='ltr'><strong><em>μά</em></strong></span> <span class='ocrx_word' id='word_1_97' title='bbox 414 1445 482 1507; x_wconf 86' lang='grc' dir='ltr'><strong><em>Δία</em></strong></span> <span class='ocrx_word' id='word_1_98' title='bbox 494 1437 539 1518; x_wconf 74' lang='grc' dir='ltr'><strong><em>τός</em></strong></span> <span class='ocrx_word' id='word_1_99' title='bbox 550 1433 769 1524; x_wconf 76' lang='grc' dir='ltr'><strong><em>άποροόσινῆ</em></strong></span> <span class='ocrx_word' id='word_1_100' title='bbox 781 1443 967 1524; x_wconf 78' lang='grc' dir='ltr'><strong><em>φοβοῦνται</em></strong></span> <span class='ocrx_word' id='word_1_101' title='bbox 978 1434 1000 1524; x_wconf 88' lang='lat'><strong><em>6</em></strong></span> <span class='ocrx_word' id='word_1_102' title='bbox 1011 1448 1121 1522; x_wconf 84' lang='grc' dir='ltr'><strong><em>θορυ-</em></strong></span> 
     </span>
     <span class='ocr_line' id='line_1_14' title="bbox 118 1535 1120 1625; baseline -0.001 -20"><span class='ocrx_word' id='word_1_103' title='bbox 118 1544 302 1625; x_wconf 75' lang='grc' dir='ltr'><strong><em>39βοῦνται</em></strong></span> <span class='ocrx_word' id='word_1_104' title='bbox 313 1537 433 1617; x_wconf 80' lang='grc' dir='ltr'><strong><em>πάντες</em></strong></span> <span class='ocrx_word' id='word_1_105' title='bbox 444 1542 479 1605; x_wconf 82' lang='grc' dir='ltr'><strong><em>ολ</em></strong></span> <span class='ocrx_word' id='word_1_106' title='bbox 489 1537 645 1624; x_wconf 81' lang='grc' dir='ltr'><strong><em>Ἕλληνες</em></strong></span> <span class='ocrx_word' id='word_1_107' title='bbox 661 1535 913 1623; x_wconf 69' lang='grc' dir='ltr'><strong><em>καὶἏθηυαῖοι,</em></strong></span> <span class='ocrx_word' id='word_1_108' title='bbox 936 1544 1067 1605; x_wconf 84' lang='grc' dir='ltr'><strong><em>πολλοῦ</em></strong></span> <span class='ocrx_word' id='word_1_109' title='bbox 1083 1563 1120 1622; x_wconf 90' lang='grc' dir='ltr'><strong><em>γε</em></strong></span> 
     </span>
     <span class='ocr_line' id='line_1_15' title="bbox 162 1633 1121 1724; baseline 0 -20"><span class='ocrx_word' id='word_1_110' title='bbox 162 1638 217 1705; x_wconf 78' lang='grc' dir='ltr'><strong><em>καὶ</em></strong></span> <span class='ocrx_word' id='word_1_111' title='bbox 228 1634 362 1723; x_wconf 78' lang='grc' dir='ltr'><strong><em>βεῑ,άλλ’</em></strong></span> <span class='ocrx_word' id='word_1_112' title='bbox 372 1633 434 1719; x_wconf 83' lang='grc' dir='ltr'><strong><em>ὅτι,</em></strong></span> <span class='ocrx_word' id='word_1_113' title='bbox 443 1643 474 1705; x_wconf 83' lang='grc' dir='ltr'><strong><em>ελ</em></strong></span> <span class='ocrx_word' id='word_1_114' title='bbox 480 1637 542 1722; x_wconf 72' lang='grc' dir='ltr'><strong><em>μὲν</em></strong></span> <span class='ocrx_word' id='word_1_115' title='bbox 553 1634 597 1724; x_wconf 81' lang='grc' dir='ltr'><strong><em>μὴ</em></strong></span> <span class='ocrx_word' id='word_1_116' title='bbox 609 1652 677 1717; x_wconf 82' lang='grc' dir='ltr'><strong><em>τοῖς</em></strong></span> <span class='ocrx_word' id='word_1_117' title='bbox 685 1635 840 1722; x_wconf 82' lang='grc' dir='ltr'><strong><em>Ἕλλησιν</em></strong></span> <span class='ocrx_word' id='word_1_118' title='bbox 850 1634 971 1722; x_wconf 87' lang='grc' dir='ltr'><strong><em>ὁμοίως</em></strong></span> <span class='ocrx_word' id='word_1_119' title='bbox 982 1635 1121 1723; x_wconf 76' lang='grc' dir='ltr'><strong><em>αἰσχρόν</em></strong></span> 
     </span>
     <span class='ocr_line' id='line_1_16' title="bbox 161 1727 1119 1823; baseline 0.001 -22"><span class='ocrx_word' id='word_1_120' title='bbox 161 1727 207 1821; x_wconf 77' lang='grc' dir='ltr'><strong><em>ἦν</em></strong></span> <span class='ocrx_word' id='word_1_121' title='bbox 223 1734 261 1803; x_wconf 84' lang='grc' dir='ltr'><strong><em>τὸ</em></strong></span> <span class='ocrx_word' id='word_1_122' title='bbox 280 1735 467 1815; x_wconf 76' lang='grc' dir='ltr'><strong><em>ψεύδεσθαι</em></strong></span> <span class='ocrx_word' id='word_1_123' title='bbox 484 1738 538 1804; x_wconf 84' lang='grc' dir='ltr'><strong><em>καὶ</em></strong></span> <span class='ocrx_word' id='word_1_124' title='bbox 556 1738 722 1821; x_wconf 80' lang='grc' dir='ltr'><strong><em>ἐπιορκεῖν</em></strong></span> <span class='ocrx_word' id='word_1_125' title='bbox 741 1735 851 1821; x_wconf 71' lang='grc' dir='ltr'><strong><em>ὥσπερ</em></strong></span> <span class='ocrx_word' id='word_1_126' title='bbox 868 1738 983 1823; x_wconf 77' lang='grc' dir='ltr'><strong><em>ἐκείνῳ</em></strong></span> <span class='ocrx_word' id='word_1_127' title='bbox 1002 1732 1119 1823; x_wconf 81' lang='grc' dir='ltr'><strong><em>καλὸν,</em></strong></span> 
     </span>
     <span class='ocr_line' id='line_1_17' title="bbox 161 1830 1119 1919; baseline -0.001 -19"><span class='ocrx_word' id='word_1_128' title='bbox 161 1833 264 1901; x_wconf 84' lang='grc' dir='ltr'><strong><em>πάλαι</em></strong></span> <span class='ocrx_word' id='word_1_129' title='bbox 281 1830 325 1900; x_wconf 84' lang='grc' dir='ltr'><strong><em>άυ</em></strong></span> <span class='ocrx_word' id='word_1_130' title='bbox 344 1831 437 1919; x_wconf 74' lang='grc' dir='ltr'><strong><em>ὑμεῖς</em></strong></span> <span class='ocrx_word' id='word_1_131' title='bbox 453 1831 503 1900; x_wconf 89' lang='grc' dir='ltr'><strong><em>ἐπ’</em></strong></span> <span class='ocrx_word' id='word_1_132' title='bbox 524 1831 628 1902; x_wconf 80' lang='grc' dir='ltr'><strong><em>αὐτόν</em></strong></span> <span class='ocrx_word' id='word_1_133' title='bbox 645 1833 863 1918; x_wconf 77' lang='grc' dir='ltr'><strong><em>ἐπορεύεσθε,</em></strong></span> <span class='ocrx_word' id='word_1_134' title='bbox 882 1839 949 1900; x_wconf 80' lang='grc' dir='ltr'><strong><em>νῦν</em></strong></span> <span class='ocrx_word' id='word_1_135' title='bbox 965 1832 1003 1901; x_wconf 75' lang='grc' dir='ltr'><strong><em>δὲ</em></strong></span> <span class='ocrx_word' id='word_1_136' title='bbox 1018 1841 1119 1901; x_wconf 83' lang='grc' dir='ltr'><strong><em>τοῦτο</em></strong></span> 
     </span>
     <span class='ocr_line' id='line_1_18' title="bbox 159 1921 1120 2013; baseline -0.005 -18"><span class='ocrx_word' id='word_1_137' title='bbox 159 1928 222 2013; x_wconf 71' lang='grc' dir='ltr'><strong><em>μὲν</em></strong></span> <span class='ocrx_word' id='word_1_138' title='bbox 228 1925 292 1995; x_wconf 79' lang='grc' dir='ltr'><strong><em>οὐκ</em></strong></span> <span class='ocrx_word' id='word_1_139' title='bbox 300 1925 343 1994; x_wconf 85' lang='grc' dir='ltr'><strong><em>άν</em></strong></span> <span class='ocrx_word' id='word_1_140' title='bbox 349 1923 624 2012; x_wconf 77' lang='grc' dir='ltr'><strong><em>ποιήσαιτεὺμωυ</em></strong></span> <span class='ocrx_word' id='word_1_141' title='bbox 631 1924 713 1994; x_wconf 79' lang='grc' dir='ltr'><strong><em>ἕνεκ’</em></strong></span> <span class='ocrx_word' id='word_1_142' title='bbox 721 1921 845 2013; x_wconf 77' lang='grc' dir='ltr'><strong><em>αὐτῶν,</em></strong></span> <span class='ocrx_word' id='word_1_143' title='bbox 859 1924 1002 2011; x_wconf 77' lang='grc' dir='ltr'><strong><em>εὔχεσθε</em></strong></span> <span class='ocrx_word' id='word_1_144' title='bbox 1009 1924 1047 1993; x_wconf 74' lang='grc' dir='ltr'><strong><em>δὲ</em></strong></span> <span class='ocrx_word' id='word_1_145' title='bbox 1054 1931 1120 1993; x_wconf 84' lang='grc' dir='ltr'><strong><em>πά-</em></strong></span> 
     </span>
     <span class='ocr_line' id='line_1_19' title="bbox 158 2019 1121 2111; baseline -0.001 -22"><span class='ocrx_word' id='word_1_146' title='bbox 158 2037 270 2103; x_wconf 83' lang='grc' dir='ltr'><strong><em>σιτοϊς</em></strong></span> <span class='ocrx_word' id='word_1_147' title='bbox 281 2034 375 2102; x_wconf 73' lang='grc' dir='ltr'><strong><em>θεοῖς</em></strong></span> <span class='ocrx_word' id='word_1_148' title='bbox 387 2023 449 2111; x_wconf 76' lang='grc' dir='ltr'><strong><em>τὴν</em></strong></span> <span class='ocrx_word' id='word_1_149' title='bbox 463 2021 571 2109; x_wconf 74' lang='grc' dir='ltr'><strong><em>αὐτὴν</em></strong></span> <span class='ocrx_word' id='word_1_150' title='bbox 580 2030 697 2110; x_wconf 78' lang='grc' dir='ltr'><strong><em>λαβεῖν</em></strong></span> <span class='ocrx_word' id='word_1_151' title='bbox 711 2021 900 2110; x_wconf 82' lang='grc' dir='ltr'><strong><em>παράνοιαν</em></strong></span> <span class='ocrx_word' id='word_1_152' title='bbox 913 2026 1046 2091; x_wconf 76' lang='grc' dir='ltr'><strong><em>ἐκεῖνον</em></strong></span> <span class='ocrx_word' id='word_1_153' title='bbox 1057 2019 1121 2109; x_wconf 70' lang='grc' dir='ltr'><strong><em>ἦν·</em></strong></span> 
     </span>
     <span class='ocr_line' id='line_1_20' title="bbox 160 2121 1119 2215; baseline 0.005 -26"><span class='ocrx_word' id='word_1_154' title='bbox 160 2126 308 2209; x_wconf 77' lang='grc' dir='ltr'><strong><em>περποτὲ</em></strong></span> <span class='ocrx_word' id='word_1_155' title='bbox 317 2148 395 2201; x_wconf 85' lang='grc' dir='ltr'><strong><em>τους</em></strong></span> <span class='ocrx_word' id='word_1_156' title='bbox 406 2121 595 2209; x_wconf 81' lang='grc' dir='ltr'><strong><em>προγονους</em></strong></span> <span class='ocrx_word' id='word_1_157' title='bbox 604 2150 718 2192; x_wconf 91' lang='grc' dir='ltr'><strong><em>αυτου</em></strong></span> <span class='ocrx_word' id='word_1_158' title='bbox 740 2127 795 2194; x_wconf 88' lang='grc' dir='ltr'><strong><em>και</em></strong></span> <span class='ocrx_word' id='word_1_159' title='bbox 803 2152 886 2194; x_wconf 90' lang='grc' dir='ltr'><strong><em>ταντ</em></strong></span> <span class='ocrx_word' id='word_1_160' title='bbox 901 2153 945 2194; x_wconf 91' lang='grc' dir='ltr'><strong><em>αν</em></strong></span> <span class='ocrx_word' id='word_1_161' title='bbox 953 2131 1028 2215; x_wconf 84' lang='grc' dir='ltr'><strong><em>ἐπιη</em></strong></span> <span class='ocrx_word' id='word_1_162' title='bbox 1038 2145 1119 2194; x_wconf 89' lang='grc' dir='ltr'><strong><em>σκο-</em></strong></span> 
     </span>
     <span class='ocr_line' id='line_1_21' title="bbox 160 2218 1119 2319; baseline 0.005 -32"><span class='ocrx_word' id='word_1_163' title='bbox 160 2232 235 2288; x_wconf 76' lang='grc' dir='ltr'><strong><em>πεῖν</em></strong></span> <span class='ocrx_word' id='word_1_164' title='bbox 253 2218 361 2310; x_wconf 81' lang='grc' dir='ltr'><strong><em>αὐτφ,</em></strong></span> <span class='ocrx_word' id='word_1_165' title='bbox 383 2220 446 2293; x_wconf 80' lang='grc' dir='ltr'><strong><em>οὐκ</em></strong></span> <span class='ocrx_word' id='word_1_166' title='bbox 458 2220 657 2308; x_wconf 67' lang='grc' dir='ltr'><strong><em>ὀλιγώρως’</em></strong></span> <span class='ocrx_word' id='word_1_167' title='bbox 639 2232 726 2310; x_wconf 89' lang='grc' dir='ltr'><strong><em>νμάς</em></strong></span> <span class='ocrx_word' id='word_1_168' title='bbox 733 2229 1001 2312; x_wconf 81' lang='grc' dir='ltr'><strong><em>βουλευομένους</em></strong></span> <span class='ocrx_word' id='word_1_169' title='bbox 1013 2222 1119 2319; x_wconf 77' lang='grc' dir='ltr'><strong><em>εὑρή-</em></strong></span> 
     </span>
     <span class='ocr_line' id='line_1_22' title="bbox 114 2272 1118 2412; baseline 0.001 -21"><span class='ocrx_word' id='word_1_170' title='bbox 114 2334 152 2391; x_wconf 72' lang='lat'><strong><em>40</em></strong></span> <span class='ocrx_word' id='word_1_171' title='bbox 160 2338 220 2388; x_wconf 86' lang='grc' dir='ltr'><strong><em>σει.</em></strong></span> <span class='ocrx_word' id='word_1_172' title='bbox 252 2322 288 2387; x_wconf 90' lang='grc' dir='ltr'><strong><em>ἐκ</em></strong></span> <span class='ocrx_word' id='word_1_173' title='bbox 280 2272 361 2412; x_wconf 71' lang='grc' dir='ltr'><strong><em>μέά</em></strong></span> <span class='ocrx_word' id='word_1_174' title='bbox 370 2345 409 2406; x_wconf 88' lang='grc' dir='ltr'><strong><em>γε</em></strong></span> <span class='ocrx_word' id='word_1_175' title='bbox 420 2346 489 2390; x_wconf 87' lang='grc' dir='ltr'><strong><em>των</em></strong></span> <span class='ocrx_word' id='word_1_176' title='bbox 500 2318 585 2406; x_wconf 85' lang='grc' dir='ltr'><strong><em>πρός</em></strong></span> <span class='ocrx_word' id='word_1_177' title='bbox 596 2320 674 2401; x_wconf 83' lang='grc' dir='ltr'><strong><em>τούς</em></strong></span> <span class='ocrx_word' id='word_1_178' title='bbox 686 2324 807 2390; x_wconf 82' lang='grc' dir='ltr'><strong><em>ἑαυτοῦ</em></strong></span> <span class='ocrx_word' id='word_1_179' title='bbox 817 2323 1006 2408; x_wconf 80' lang='grc' dir='ltr'><strong><em>προγόνους</em></strong></span> <span class='ocrx_word' id='word_1_180' title='bbox 1018 2326 1118 2393; x_wconf 82' lang='grc' dir='ltr'><strong><em>πολέ-</em></strong></span> 
     </span>
     <span class='ocr_line' id='line_1_23' title="bbox 158 2398 1117 2510; baseline 0.005 -24"><span class='ocrx_word' id='word_1_181' title='bbox 158 2443 232 2505; x_wconf 90' lang='grc' dir='ltr'><strong><em>μων</em></strong></span> <span class='ocrx_word' id='word_1_182' title='bbox 249 2398 438 2485; x_wconf 79' lang='grc' dir='ltr'><strong><em>σόνυιδε</em></strong></span> <span class='ocrx_word' id='word_1_183' title='bbox 401 2444 464 2505; x_wconf 84' lang='grc' dir='ltr'><strong><em>την</em></strong></span> <span class='ocrx_word' id='word_1_184' title='bbox 481 2420 582 2488; x_wconf 87' lang='grc' dir='ltr'><strong><em>πόλιν</em></strong></span> <span class='ocrx_word' id='word_1_185' title='bbox 598 2418 779 2507; x_wconf 77' lang='grc' dir='ltr'><strong><em>εὐδαίμονα</em></strong></span> <span class='ocrx_word' id='word_1_186' title='bbox 796 2425 851 2491; x_wconf 83' lang='grc' dir='ltr'><strong><em>καλ</em></strong></span> <span class='ocrx_word' id='word_1_187' title='bbox 862 2422 1012 2509; x_wconf 77' lang='grc' dir='ltr'><strong><em>μεγάλην</em></strong></span> <span class='ocrx_word' id='word_1_188' title='bbox 1022 2448 1117 2510; x_wconf 88' lang='grc' dir='ltr'><strong><em>γεγε-</em></strong></span> 
     </span>
     <span class='ocr_line' id='line_1_24' title="bbox 35 2510 1117 2611; baseline 0.005 -29"><span class='ocrx_word' id='word_1_189' title='bbox 35 2549 43 2564; x_wconf 86' lang='grc'><em>·</em></span> <span class='ocrx_word' id='word_1_190' title='bbox 157 2517 322 2604; x_wconf 87' lang='grc' dir='ltr'><strong><em>νημένην,</em></strong></span> <span class='ocrx_word' id='word_1_191' title='bbox 344 2519 381 2584; x_wconf 89' lang='grc' dir='ltr'><strong><em>ἐκ</em></strong></span> <span class='ocrx_word' id='word_1_192' title='bbox 399 2517 435 2585; x_wconf 82' lang='lat'><strong><em>6</em></strong></span> <span class='ocrx_word' id='word_1_193' title='bbox 445 2544 503 2604; x_wconf 87' lang='grc' dir='ltr'><strong><em>της</em></strong></span> <span class='ocrx_word' id='word_1_194' title='bbox 513 2510 683 2604; x_wconf 83' lang='grc' dir='ltr'><strong><em>ησυχίας</em></strong></span> <span class='ocrx_word' id='word_1_195' title='bbox 660 2547 699 2606; x_wconf 84' lang='grc' dir='ltr'><strong><em>ης</em></strong></span> <span class='ocrx_word' id='word_1_196' title='bbox 709 2546 769 2607; x_wconf 91' lang='grc' dir='ltr'><strong><em>ηγε</em></strong></span> <span class='ocrx_word' id='word_1_197' title='bbox 779 2524 868 2605; x_wconf 88' lang='grc' dir='ltr'><strong><em>ποτε,</em></strong></span> <span class='ocrx_word' id='word_1_198' title='bbox 863 2518 1038 2608; x_wconf 81' lang='grc' dir='ltr'><strong><em>ουδεμιας</em></strong></span> <span class='ocrx_word' id='word_1_199' title='bbox 1048 2547 1117 2611; x_wconf 85' lang='grc' dir='ltr'><strong><em>των</em></strong></span> 
     </span>
     <span class='ocr_line' id='line_1_25' title="bbox 158 2613 1116 2704; baseline 0.004 -22"><span class='ocrx_word' id='word_1_200' title='bbox 158 2615 271 2682; x_wconf 75' lang='grc' dir='ltr'><strong><em>ἄλλων</em></strong></span> <span class='ocrx_word' id='word_1_201' title='bbox 278 2613 478 2700; x_wconf 79' lang='grc' dir='ltr'><strong><em>Ἑλληνίδων</em></strong></span> <span class='ocrx_word' id='word_1_202' title='bbox 487 2617 618 2685; x_wconf 88' lang='grc' dir='ltr'><strong><em>πόλεων</em></strong></span> <span class='ocrx_word' id='word_1_203' title='bbox 628 2626 791 2686; x_wconf 80' lang='grc' dir='ltr'><strong><em>τοσοῦτον</em></strong></span> <span class='ocrx_word' id='word_1_204' title='bbox 802 2616 883 2687; x_wconf 81' lang='grc' dir='ltr'><strong><em>ὅσον</em></strong></span> <span class='ocrx_word' id='word_1_205' title='bbox 899 2627 966 2687; x_wconf 81' lang='grc' dir='ltr'><strong><em>νῦν</em></strong></span> <span class='ocrx_word' id='word_1_206' title='bbox 976 2616 1116 2704; x_wconf 73' lang='grc' dir='ltr'><strong><em>ὑπεραί-</em></strong></span> 
     </span>
     <span class='ocr_line' id='line_1_26' title="bbox 159 2710 1116 2806; baseline 0.001 -26"><span class='ocrx_word' id='word_1_207' title='bbox 159 2730 297 2798; x_wconf 90' lang='grc' dir='ltr'><strong><em>ρουσαν.</em></strong></span> <span class='ocrx_word' id='word_1_208' title='bbox 319 2710 452 2799; x_wconf 77' lang='grc' dir='ltr'><strong><em>καὶμὴν</em></strong></span> <span class='ocrx_word' id='word_1_209' title='bbox 462 2716 517 2781; x_wconf 77' lang='grc' dir='ltr'><strong><em>καὶ</em></strong></span> <span class='ocrx_word' id='word_1_210' title='bbox 526 2713 769 2802; x_wconf 83' lang='grc' dir='ltr'><strong><em>τούςἝλληνας</em></strong></span> <span class='ocrx_word' id='word_1_211' title='bbox 780 2714 843 2804; x_wconf 78' lang='grc' dir='ltr'><strong><em>ὁρᾷ</em></strong></span> <span class='ocrx_word' id='word_1_212' title='bbox 854 2722 1034 2804; x_wconf 75' lang='grc' dir='ltr'><strong><em>δεομένους</em></strong></span> <span class='ocrx_word' id='word_1_213' title='bbox 1043 2717 1116 2806; x_wconf 80' lang='grc' dir='ltr'><strong><em>ἤτοι</em></strong></span> 
     </span>
     <span class='ocr_line' id='line_1_27' title="bbox 157 2809 1113 2903; baseline 0.006 -25"><span class='ocrx_word' id='word_1_214' title='bbox 157 2809 248 2887; x_wconf 85' lang='grc' dir='ltr'><strong><em>τινός</em></strong></span> <span class='ocrx_word' id='word_1_215' title='bbox 259 2811 414 2903; x_wconf 80' lang='grc' dir='ltr'><strong><em>ἑκουσίον</em></strong></span> <span class='ocrx_word' id='word_1_216' title='bbox 424 2809 447 2896; x_wconf 85' lang='lat'><strong><em>6</em></strong></span> <span class='ocrx_word' id='word_1_217' title='bbox 459 2810 620 2881; x_wconf 83' lang='grc' dir='ltr'><strong><em>άκονσίυυ</em></strong></span> <span class='ocrx_word' id='word_1_218' title='bbox 632 2819 846 2900; x_wconf 77' lang='grc' dir='ltr'><strong><em>διαλλακτοῦ,</em></strong></span> <span class='ocrx_word' id='word_1_219' title='bbox 867 2822 989 2884; x_wconf 88' lang='grc' dir='ltr'><strong><em>τοῦτον</em></strong></span> <span class='ocrx_word' id='word_1_220' title='bbox 1006 2815 1037 2884; x_wconf 84' lang='lat'><strong><em>6&#39;</em></strong></span> <span class='ocrx_word' id='word_1_221' title='bbox 1051 2814 1113 2884; x_wconf 83' lang='grc' dir='ltr'><strong><em>αὑ-</em></strong></span> 
     </span>
     <span class='ocr_line' id='line_1_28' title="bbox 157 2903 1111 3000; baseline 0.007 -25"><span class='ocrx_word' id='word_1_222' title='bbox 157 2907 218 2976; x_wconf 83' lang='grc' dir='ltr'><strong><em>τόν</em></strong></span> <span class='ocrx_word' id='word_1_223' title='bbox 229 2903 272 2975; x_wconf 84' lang='grc' dir='ltr'><strong><em>άν</em></strong></span> <span class='ocrx_word' id='word_1_224' title='bbox 284 2907 353 2977; x_wconf 80' lang='grc' dir='ltr'><strong><em>ολδε</em></strong></span> <span class='ocrx_word' id='word_1_225' title='bbox 364 2908 502 2994; x_wconf 84' lang='grc' dir='ltr'><strong><em>φανέντ’</em></strong></span> <span class='ocrx_word' id='word_1_226' title='bbox 522 2909 651 2997; x_wconf 75' lang='grc' dir='ltr'><strong><em>αὐτοῖς,</em></strong></span> <span class='ocrx_word' id='word_1_227' title='bbox 675 2919 704 2980; x_wconf 79' lang='grc' dir='ltr'><strong><em>εἰ</em></strong></span> <span class='ocrx_word' id='word_1_228' title='bbox 720 2913 865 3000; x_wconf 87' lang='grc' dir='ltr'><strong><em>πόλεμον</em></strong></span> <span class='ocrx_word' id='word_1_229' title='bbox 881 2922 999 3000; x_wconf 91' lang='grc' dir='ltr'><strong><em>κινοίη.</em></strong></span> <span class='ocrx_word' id='word_1_230' title='bbox 1029 2913 1111 2982; x_wconf 77' lang='grc' dir='ltr'><strong><em>ὥστε</em></strong></span> 
     </span>
     <span class='ocr_line' id='line_1_29' title="bbox 156 3007 1110 3099; baseline 0.005 -25"><span class='ocrx_word' id='word_1_231' title='bbox 156 3008 212 3075; x_wconf 82' lang='grc' dir='ltr'><strong><em>καλ</em></strong></span> <span class='ocrx_word' id='word_1_232' title='bbox 240 3007 391 3094; x_wconf 85' lang='grc' dir='ltr'><strong><em>γνάριμα</em></strong></span> <span class='ocrx_word' id='word_1_233' title='bbox 418 3011 474 3077; x_wconf 82' lang='grc' dir='ltr'><strong><em>καὶ</em></strong></span> <span class='ocrx_word' id='word_1_234' title='bbox 500 3007 600 3078; x_wconf 83' lang='grc' dir='ltr'><strong><em>πιστά</em></strong></span> <span class='ocrx_word' id='word_1_235' title='bbox 625 3009 716 3099; x_wconf 72' lang='grc' dir='ltr'><strong><em>αὐτῷ</em></strong></span> <span class='ocrx_word' id='word_1_236' title='bbox 743 3016 810 3078; x_wconf 75' lang='grc' dir='ltr'><strong><em>τῶν</em></strong></span> <span class='ocrx_word' id='word_1_237' title='bbox 832 3010 1110 3098; x_wconf 80' lang='grc' dir='ltr'><strong><em>ἀπαγγελλόντων</em></strong></span> 
     </span>
     <span class='ocr_line' id='line_1_30' title="bbox 157 3104 405 3175; baseline -0.008 0"><span class='ocrx_word' id='word_1_238' title='bbox 157 3104 294 3175; x_wconf 85' lang='grc' dir='ltr'><strong><em>άκοόειν</em></strong></span> <span class='ocrx_word' id='word_1_239' title='bbox 306 3111 405 3174; x_wconf 84' lang='grc' dir='ltr'><strong><em>ἐσται.</em></strong></span> 
     </span>
     <span class='ocr_line' id='line_1_31' title="bbox 109 3197 1108 3295; baseline 0 -21"><span class='ocrx_word' id='word_1_240' title='bbox 109 3228 146 3284; x_wconf 85' lang='lat'><strong><em>41</em></strong></span> <span class='ocrx_word' id='word_1_241' title='bbox 232 3202 303 3275; x_wconf 78' lang='grc' dir='ltr'><strong><em>Ἵνα</em></strong></span> <span class='ocrx_word' id='word_1_242' title='bbox 315 3202 359 3290; x_wconf 77' lang='grc' dir='ltr'><strong><em>δ’,</em></strong></span> <span class='ocrx_word' id='word_1_243' title='bbox 372 3197 400 3272; x_wconf 81' lang='lat'><strong><em>6</em></strong></span> <span class='ocrx_word' id='word_1_244' title='bbox 411 3203 530 3293; x_wconf 76' lang='grc' dir='ltr'><strong><em>ἄνδρες</em></strong></span> <span class='ocrx_word' id='word_1_245' title='bbox 536 3205 724 3294; x_wconf 77' lang='grc' dir='ltr'><strong><em>Ἀθηναῖοι,</em></strong></span> <span class='ocrx_word' id='word_1_246' title='bbox 742 3207 786 3293; x_wconf 77' lang='grc' dir='ltr'><strong><em>μὴ</em></strong></span> <span class='ocrx_word' id='word_1_247' title='bbox 798 3207 907 3293; x_wconf 76' lang='grc' dir='ltr'><strong><em>μακροὶ</em></strong></span> <span class='ocrx_word' id='word_1_248' title='bbox 916 3215 994 3276; x_wconf 87' lang='grc' dir='ltr'><strong><em>λίαν</em></strong></span> <span class='ocrx_word' id='word_1_249' title='bbox 1005 3212 1108 3295; x_wconf 87' lang='grc' dir='ltr'><strong><em>λέγων</em></strong></span> 
     </span>
     <span class='ocr_line' id='line_1_32' title="bbox 156 3297 1155 3393; baseline -0.001 -20"><span class='ocrx_word' id='word_1_250' title='bbox 156 3307 297 3392; x_wconf 75' lang='grc' dir='ltr'><strong><em>ἐνοχλῶ,</em></strong></span> <span class='ocrx_word' id='word_1_251' title='bbox 312 3299 360 3371; x_wconf 65' lang='grc' dir='ltr'><strong><em>’τά</em></strong></span> <span class='ocrx_word' id='word_1_252' title='bbox 377 3301 541 3387; x_wconf 85' lang='grc' dir='ltr'><strong><em>κεφάλαια</em></strong></span> <span class='ocrx_word' id='word_1_253' title='bbox 553 3297 602 3372; x_wconf 80' lang='grc' dir='ltr'><strong><em>όν</em></strong></span> <span class='ocrx_word' id='word_1_254' title='bbox 612 3305 831 3391; x_wconf 82' lang='grc' dir='ltr'><strong><em>συμβουλεύω</em></strong></span> <span class='ocrx_word' id='word_1_255' title='bbox 844 3305 976 3392; x_wconf 83' lang='grc' dir='ltr'><strong><em>φράσας</em></strong></span> <span class='ocrx_word' id='word_1_256' title='bbox 987 3305 1104 3393; x_wconf 81' lang='grc' dir='ltr'><strong><em>άπειμι.</em></strong></span> <span class='ocrx_word' id='word_1_257' title='bbox 1147 3373 1155 3381; x_wconf 71' lang='grc'><strong><em>,</em></strong></span> 
     </span>
     <span class='ocr_line' id='line_1_33' title="bbox 154 3401 1106 3492; baseline 0 -21"><span class='ocrx_word' id='word_1_258' title='bbox 154 3402 463 3488; x_wconf 76' lang='grc' dir='ltr'><strong><em>παρασκευάζεσθαι</em></strong></span> <span class='ocrx_word' id='word_1_259' title='bbox 481 3404 543 3488; x_wconf 73' lang='grc' dir='ltr'><strong><em>μὲν</em></strong></span> <span class='ocrx_word' id='word_1_260' title='bbox 559 3401 642 3487; x_wconf 83' lang='grc' dir='ltr'><strong><em>πρός</em></strong></span> <span class='ocrx_word' id='word_1_261' title='bbox 658 3403 736 3482; x_wconf 80' lang='grc' dir='ltr'><strong><em>τοὺς</em></strong></span> <span class='ocrx_word' id='word_1_262' title='bbox 747 3402 956 3488; x_wconf 82' lang='grc' dir='ltr'><strong><em>ὑπάρχοντας</em></strong></span> <span class='ocrx_word' id='word_1_263' title='bbox 966 3403 1106 3492; x_wconf 72' lang='grc' dir='ltr'><strong><em>ἐχθροὺς</em></strong></span> 
     </span>
    </p>
   </div>
   <div class='ocr_carea' id='block_1_3' title="bbox 0 0 1174 3894">
    <p class='ocr_par' dir='ltr' id='par_1_3' title="bbox 0 0 1174 3894">
     <span class='ocr_line' id='line_1_34' title="bbox 0 0 1174 3894; baseline 0 3"><span class='ocrx_word' id='word_1_264' title='bbox 0 0 1174 3894; x_wconf 95' lang='lat' dir='ltr'><strong><em> </em></strong></span> 
     </span>
    </p>
   </div>
  </div>
 </body>
</html>
