2340 3894
202 215 332 279 αωυι
355 214 558 276 ταααα
576 213 936 284 αυενοαιιειιι
991 221 1050 286 ευ

48 393 79 446 56
178 381 223 443 Τί
227 373 296 445 ποτ’
310 367 373 445 οὖν
384 379 452 443 ἐστι
461 373 499 443 τὸ
511 384 629 460 αἴτιον,
648 350 805 461 ἀάνθρες
812 378 993 468 Ἀθηναῖοι,
1008 382 1046 451 τὸ

87 471 148 541 τὸν
159 473 224 559 μὲν
234 470 322 540 οὕτω
334 480 488 557 φανερῶς
499 474 731 559 στρατεύοντα,
740 474 931 561 ἀδικοῦντα,
940 480 1051 558 πόλεις

87 570 398 657 καταλαμβάνοντα,
407 574 533 656 μηθένα
543 573 674 640 τούτων
684 573 808 643 πώποτ’
815 582 920 644 εἰπεῖν
930 575 976 656 ῶς
987 579 1050 646 πύ-

87 677 192 756 λεμον
200 683 298 752 ποιεῖ,
305 666 385 748 τούς
396 672 432 736 δὲ
441 667 485 755 μή
493 673 767 759 ε’πιτρέιτεινμηθὲ
778 681 956 759 προίεσθαι
968 683 1050 742 ταῦ-

87 794 127 836 τα
145 767 454 854 συμβουλεύοντας,
476 768 618 847 τούτους
639 768 700 838 τὸν
722 770 870 858 πόλεμον
897 771 1052 858 ποιήσειν

54 885 80 940 57
88 873 275 944 αάιιῶσθαις
286 862 352 950 ἐγάι
363 866 500 946 ἀιάἀξω·
512 863 563 935 ὅτι
573 865 636 953 τήν
646 867 752 956 ὀργήν
761 867 805 958 ήν
816 872 904 951 είιιός
914 874 984 939 ἐστι
992 896 1051 955 γε-

89 965 208 1032 νέσθαι
219 959 294 1049 παρ’
306 960 413 1049 ὑμῶν,
425 963 509 1032 ἀντι
520 972 672 1050 λυπῆσθε
683 975 731 1058 τῶ
748 973 896 1057 πολέμῳ,
914 969 1051 1048 είςτοάς

89 1060 172 1146 ὑπὲρ
195 1059 293 1147 ὑμῶν
314 1062 471 1146 λέγοντας
491 1060 531 1129 τά
549 1067 701 1150 βέλτιστα
717 1072 835 1152 τρέψαι
856 1067 1048 1154 βούλονται,

89 1165 143 1228 ἵνα
153 1160 298 1238 τούτους
308 1167 453 1246 κρίνητε,
466 1159 510 1247 μή
523 1169 691 1232 Φίλιππον
708 1163 895 1251 ἀμύνησθε,
912 1168 967 1233 καὶ
985 1192 1048 1235 ιια-

10 1298 15 1373 ,
90 1265 277 1346 τηηορῶσιν
298 1256 409 1345 αὐτοὶ,
438 1258 483 1347 μή
506 1266 602 1346 δίκην
622 1267 725 1330 θῶσιν
747 1256 796 1331 ῶν
816 1273 951 1333 ποιοῦσι
973 1272 1047 1332 νῦν.
1102 1284 1105 1293 ·

10 1394 17 1455 η
93 1355 176 1426 τοῦτ’
184 1354 299 1436 αὐτοῖς
309 1359 448 1425 δύναται
457 1357 494 1424 τὰ
508 1362 605 1444 λέγεν
616 1357 660 1437 ῶς
669 1359 735 1444 ἀρα
756 1361 937 1448 βούλονται
948 1362 1049 1429 πόλε-

16 1526 21 1533 ,
95 1457 157 1541 μύν
168 1481 259 1534 τινες
270 1463 406 1527 ποιήσαι
416 1454 490 1542 παρ’
502 1455 599 1542 ύμῖν,
618 1460 673 1524 καὶ
691 1460 765 1542 περί
775 1459 898 1527 τούτου
909 1457 931 1545 ή
942 1463 1050 1526 ἀιαβι-
1078 1505 1080 1511 -

64 1580 89 1633 5ss
95 1561 190 1623 κασία
200 1551 287 1640 αὕτη
297 1556 395 1622 ἐστίν.
420 1555 483 1638 εγῶ
496 1553 527 1621 β’
540 1554 614 1622 οίάα
625 1553 771 1642 ἀκριβῶς
781 1555 832 1626 ὅτι
844 1555 886 1625 ού
897 1557 1050 1643 γράψαν-
1060 1574 1113 1631 104

96 1680 146 1732 τος
164 1652 354 1739 Ἀθηναίων
376 1650 515 1732 οὐδενός
534 1677 586 1721 πω
603 1654 750 1740 πόλεμον
767 1659 821 1723 καί
838 1656 921 1722 ἀλλα
942 1653 1048 1722 πολλά

96 1759 255 1831 Φίλιππος
266 1756 330 1837 ἔχει
340 1759 409 1820 τῶν
422 1761 480 1838 τής
489 1753 616 1831 πόλεως
626 1756 682 1821 καὶ
692 1762 759 1820 νῶν
770 1759 816 1832 είς
827 1757 978 1838 Καρδίαν
989 1755 1050 1820 πέ-

95 1875 202 1939 πομφε
213 1852 387 1939 βοήθειαν
421 1857 451 1919 εί
463 1856 575 1937 μέντοι
591 1850 769 1938 βουλόμεθ’
782 1849 875 1938 ἡμεῖς
886 1849 930 1937 μή
943 1872 1050 1937 ιτροσὰ

96 1959 259 2019 ποιεῖσθαι
274 1959 431 2034 πολεμεῖν
448 1948 553 2017 αάτὸν
569 1948 665 2036 ήμῖν,
683 1949 902 2038 ἀνοητότατος
912 1949 1049 2016 πάντων

68 2043 196 2133 εςάνείη
206 2057 277 2116 τῶν
286 2047 397 2116 ὅντων
413 2045 617 2134 ἀνθρώπων,
630 2057 661 2118 εί
675 2048 763 2117 τοῦτ’
775 2052 943 2134 ἐξελέγχοι.
977 2046 1045 2115 ἀλλ’

96 2146 227 2215 ἐπειδὰν
242 2142 288 2213 ἐπ’
302 2143 424 2224 αύτούς
440 2144 525 2232 ἡμᾶς
542 2157 592 2233 λη,
613 2153 648 2214 τί
661 2146 827 2232 φήσομεν;
848 2149 972 2224 ἐκεῖνος
988 2147 1049 2230 μὲν

95 2242 154 2329 ράρ
164 2241 208 2313 ού
220 2253 385 2330 πολεμεῖν,
394 2242 505 2329 ῶσπερ
516 2242 588 2312 ούά
597 2242 830 2327 Ὠρείταιςτῶν
840 2251 1050 2329 στρατιωτῶν

96 2339 201 2410 ὄντων
216 2346 252 2422 ἐν
268 2350 310 2430 τῇ
327 2343 431 2431 χῶρα,
455 2340 534 2410 οὐδὲ
545 2349 699 2426 Φεραίοις
716 2342 891 2427 πρότερον,
915 2338 1049 2423 πρὸςτά

95 2447 176 2527 τείχη
193 2438 415 2527 προσβάλλων
431 2440 560 2526 αὐτῶν,
586 2437 660 2506 οὐδ’
681 2437 868 2517 Ὀλυνθίοις
885 2440 917 2516 ἐξ
935 2435 1048 2522 ἀρχῆς,

96 2538 200 2618 ἕωςέν
211 2538 296 2626 αὐτῇ
313 2548 355 2627 τή
365 2539 455 2627 χῶρηι
466 2538 503 2608 τό
523 2539 710 2626 στράτευμα
722 2546 833 2625 παρῆν
843 2540 935 2621 ἔχων,
960 2530 1050 2619 ήιιαὶ

95 2638 162 2706 τότε
177 2635 263 2716 τούς
276 2636 466 2723 ἀμύνεσθαι
483 2639 681 2717 κελεύοντας
698 2638 845 2723 πόλεμον
862 2649 970 2728 ποιεῖν
981 2631 1049 2720 φή·

96 2754 212 2822 σομεν;
240 2733 370 2803 ούιιοῶν
386 2733 572 2804 ὑπόλοιπον
584 2735 772 2804 βουλεύειν·
795 2731 837 2802 ού
848 2731 913 2818 νάρ
925 2727 1046 2816 ἀλλος)

94 2831 193 2902 ούβέν
205 2837 273 2902 ἐστι
284 2835 406 2920 μεταξύ
416 2843 479 2901 τού
488 2832 558 2920 μήτ’
569 2831 759 2920 ἀμύνεσθαι
776 2828 845 2919 μήτ’
859 2828 953 2916 ἀμειν
963 2828 1049 2915 ήσυ-

64 2939 167 3016 λοχίαν
182 2935 311 3000 ἐᾶσθαι.
346 2936 402 3001 ιιαλ
419 2929 486 3019 μήν
505 2930 566 3016 οὐχ
581 2929 665 3017 ὑπὲρ
683 2937 751 2997 τῶν
763 2939 846 2997 ἴσων
856 2927 937 3015 ύμῖν
947 2954 982 2995 τε
993 2931 1049 2996 καὶ

93 3044 158 3109 τοῖς
167 3030 283 3108 ἀλλοις
293 3027 363 3096 ἔσθ’
376 3027 394 3098 ὁ
406 3034 578 3108 κίνδυνος·
600 3027 642 3097 ού
654 3027 719 3113 ’γάρ
735 3024 793 3112 ὑφ’
804 3022 896 3115 αὑτῶ
912 3025 974 3113 τήν
984 3025 1049 3093 πό-

92 3134 143 3194 λιν
153 3126 362 3212 ποιήσασθαι
372 3127 528 3213 βούλεται
538 3134 712 3210 Φίλιππος,
724 3122 791 3193 ἀλλ’
810 3123 896 3203 ὅλως
908 3121 1048 3192 ἀνελεῖν.

91 3223 157 3295 οίάε
167 3226 235 3312 ηάρ
247 3222 393 3311 ἀιιριβῶς
404 3224 455 3292 ὅτι
471 3225 646 3294 δουλεύειν
662 3225 724 3311 μὲν
739 3221 833 3309 ὑμεῖς
844 3219 914 3289 οὔτ’
928 3220 1050 3303 ἐθελή·

91 3344 162 3392 σετε
173 3320 255 3408 οὔτ’,
268 3318 311 3391 ἀν
322 3322 512 3409 ἐθελήσητε,
530 3323 747 3409 ἐπιστήσεσθε
758 3320 886 3408 (ἀρχειν
896 3315 962 3401 γάρ
972 3315 1049 3382 εἰῶ-

90 3429 197 3509 θατε),
220 3421 397 3508 πράγματα
418 3419 448 3487 θ’
461 3421 550 3511 αὐτῶ
571 3434 768 3505 παρασχεῖν,
789 3408 833 3485 ἀν
849 3412 969 3501 ααιρόν
986 3414 1050 3482 λά-
