2340 3894
82 284 85 288 ,
128 210 169 273 οε
325 214 381 269 vu.
430 208 893 291 [κκιυοῑοααουεγ

127 373 276 456 πολέμου
286 367 372 457 πρὸς
383 375 567 456 Φίλιππον,
584 369 670 439 άλλά
682 379 882 458 συμμαχίας,
901 375 958 441 καὶ
976 372 1094 456 ὅρκων

126 466 387 554 ὀμωμοσμένων,
400 465 460 547 οὓς
471 474 634 548 Φίλιππος
644 483 712 549 τοῖς
723 476 875 540 οἰκοῦσιν
885 474 922 540 ἐν
927 478 1093 563 Ποτιδαίᾳ

128 567 270 654 ὤμοσεν,
281 565 568 662 άφῃρέθῃσανάιέ
580 565 687 636 αὐτοῦ
698 566 738 636 τά
750 567 906 655 κτήματα.
930 578 1037 639 ταῦτα
1049 573 1091 660 δὴ

128 668 285 754 βούλεται
296 664 501 754 τάδικήματα
520 674 694 754 πανταχεός
710 667 784 752 παρ’
804 665 886 756 ὑμῖν
902 672 1091 757 βεβαιώσα-

130 777 222 851 σθαι,
236 765 287 836 ὅτι
298 763 366 835 οὔτ’
378 769 545 852 ἐγκαλεῖτε
555 763 647 854 αὐτῷ
658 762 733 833 οὔθ’
741 764 1089 867 ἡγεῖσθερδικεῖσθαι,

87 881 119 934 11
130 866 199 934 ἐπεὶ
217 863 269 933 ὅτι
285 890 323 950 γε
340 864 522 951 συμβόλων
539 862 641 932 οὐδὲν
651 868 783 933 δέονται
793 869 992 947 Μακεδόνες
1006 870 1091 953 πρὸς

124 961 333 1051 Ἀθηναίους,
346 961 364 1032 ὁ
376 961 615 1051 παρεληλυθώς
626 960 707 1050 ὑμῖν
715 963 835 1050 χρόνος
844 966 1025 1053 τεκμήριον
1032 994 1092 1053 γε-

128 1067 258 1131 νέσθω·
281 1062 359 1131 οὔτε
375 1061 440 1148 γάρ
457 1061 617 1148 Ἀμύντας
635 1060 654 1131 ὁ
672 1061 780 1149 πατὴρ
798 1061 816 1131 ὁ
831 1071 999 1134 Φιλίππου
1010 1064 1089 1134 οὔθ’

129 1167 163 1230 οί
180 1161 276 1230 άλλοι
299 1170 444 1249 βασιλεῖς
473 1158 686 1249 οὐδεπάπδτε
713 1163 866 1248 σύμβολα
888 1164 1088 1250 ἐποιήσαντο

85 1283 118 1336 12
128 1257 212 1346 πρὸς
222 1261 284 1347 τὴν
294 1261 395 1328 πόλιν
409 1259 472 1346 τὴν
482 1257 653 1346 ἡμετέραν.
683 1267 790 1328 καίτοι
800 1269 935 1342 πλείους
950 1289 988 1355 γε
998 1257 1088 1351 ἦσαν

126 1362 162 1426 αί
170 1362 324 1445 ἐπιμιξίαι
333 1360 409 1429 τότε
425 1358 510 1447 πρὸς
525 1358 690 1446 ἀλλήλους
706 1356 729 1447 ἡ
746 1368 811 1429 νῦν
823 1367 920 1430 είσίυ·
944 1359 992 1449 ἐφ’
1005 1359 1088 1450 ἡμῖν

125 1457 190 1544 γάρ
201 1451 276 1546 ἡνὴ
288 1464 486 1528 Μακεδονία
498 1460 552 1526 καὶ
564 1459 695 1545 φόρους
705 1456 787 1545 ἡμῖν
797 1464 930 1545 ἔφερον,
949 1463 1087 1542 καὶτοῖς

125 1563 295 1645 ἐμπορίοις
310 1558 385 1627 τότε
401 1566 529 1644 μάλλον
545 1553 567 1643 ἡ
585 1565 651 1624 νῦν
667 1554 760 1644 ἡμεῖς
776 1572 844 1637 τοῖς
861 1561 932 1629 ἐκεῖ
937 1557 1088 1628 κάκεῖνοι

124 1673 193 1738 τοῖς
203 1656 277 1742 παρ’
290 1656 372 1743 ἡμῖν
381 1660 536 1742 ἐχρῶντο,
555 1657 610 1723 καὶ
621 1656 795 1744 ἐμπορικαὶ
807 1660 896 1724 δίκαι
910 1656 973 1726 οὐκ
985 1652 1085 1746 ἦσαν,

126 1755 236 1843 ὥσπερ
258 1766 332 1841 νῦν,
357 1755 514 1844 ἀκριβεῖς,
536 1759 572 1822 αί
586 1755 669 1823 κατά
691 1763 790 1842 μῆνα,
813 1765 969 1824 ποιοῦσαι
980 1759 1087 1843 μηδὲν

126 1860 258 1924 δεῖσθαι
274 1855 453 1946 συμβόλων
463 1852 543 1934 τοῦς
553 1862 716 1923 τοσοῦτον
727 1854 882 1942 ἀλλήλων
892 1855 1084 1945 ἀπέχοντας.

82 1972 116 2027 13
126 1952 296 2040 ἀλλ’δμως
313 1953 451 2032 οὐδενὸς
468 1952 623 2023 τοιούτου
640 1953 737 2032 ὄντος
747 1955 820 2025 τότε
832 1954 895 2023 οὐκ
907 1957 1086 2050 ἐλυσιτέλει

95 2076 98 2083 ’
125 2054 277 2138 σύμβολα
285 2045 530 2140 ποιησαμένους
540 2051 607 2121 οὔτ’
616 2056 872 2132 έκΜακεδονίας
883 2052 1085 2143 πλεῖνἈθῃ-

124 2159 200 2232 ναζε
208 2157 303 2231 δίκας
314 2156 532 2240 ληψομένους,
541 2150 616 2221 αὕθ’
629 2153 708 2239 ἡμῖν
719 2160 765 2232 είς
772 2159 999 2241 Μακεδονίαν,
1011 2152 1081 2224 ἄλλ’

122 2248 216 2337 ἡμεῖς
224 2276 260 2318 τε
271 2265 340 2330 τοῖς
351 2253 421 2319 ἐκεῖ
427 2260 578 2338 νομίμοις
588 2254 711 2320 ἐκεῖνοί
725 2279 760 2318 τε
769 2267 838 2331 τοῖς
850 2251 923 2339 παρ’
935 2251 1013 2340 ἡμῖν
1025 2253 1084 2332 τάς

123 2349 218 2425 δίκας
228 2347 428 2434 ἐλάμβανον.
441 2347 485 2434 μὴ
496 2340 560 2415 οάν
568 2345 720 2434 ἀγνοεῖτε
729 2345 781 2416 ὅτι
788 2346 828 2415 τά
834 2347 990 2434 σύμβολα
996 2355 1083 2416 ταῦ-

122 2471 163 2512 τα
181 2453 330 2531 γίγνεται
342 2453 388 2526 είς
401 2445 574 2534 ὑποδοχὴν
585 2455 648 2515 τοῦ
659 2447 736 2534 μηδ’
751 2444 1005 2535 άμφισβῃτὴσαι
1020 2446 1082 2516 εά-

6 2567 12 2572 ·
123 2545 230 2629 λόγως
240 2543 328 2631 ἡμᾶς
340 2550 388 2613 ἔτι
398 2552 589 2626 Ποτιδαίας.

77 2658 113 2710 14
203 2648 286 2730 Περὶ
305 2648 341 2712 δὲ
359 2652 426 2712 ταῖν
443 2652 574 2731 λῃστῶν
597 2642 727 2710 δίκαιόν
750 2663 854 2734 φησιν
876 2641 961 2709 εἶναι
980 2647 1080 2726 κοινῇ

109 2736 300 2827 Ιφυλάττειν
310 2741 388 2820 τούς
399 2746 436 2809 ἐν
446 2749 487 2828 τῃ
498 2740 647 2828 θαλάττῃ
664 2749 937 2825 κακουργοῦντας
947 2735 1033 2825 ὑμᾶς
1042 2762 1080 2806 τε

119 2844 174 2909 καί
187 2837 300 2925 αὑτὸν,
319 2838 420 2907 οὐδέν
430 2835 533 2925 ἀλλ’ἢ
550 2837 637 2908 τοῦτ’
649 2839 764 2924 άξιεάν,
781 2837 835 2925 ὑφ’
850 2837 949 2925 ὑμῶν
960 2843 1007 2916 είς
1016 2836 1080 2924 τὴν

119 2938 290 3006 θάλατταν
300 2945 561 3024 κατασταθῆναι,
570 2941 625 3008 καὶ
635 2935 931 3025 ὁμολογῆσαιάμάς
940 2934 985 3016 ὥς
995 2935 1080 3003 άνευ

121 3042 289 3113 Φιλίππου
310 3033 388 3104 οὐδὲ
409 3037 471 3124 τὴν
491 3039 528 3104 έν
543 3045 584 3125 τῃ
601 3038 752 3124 θαλάττῃ
765 3033 923 3123 φυλακὴν
940 3040 1081 3103 δυνατοι

76 3143 191 3204 15ἐστε
208 3134 403 3221 φυλάττειν,
425 3139 473 3202 ἔτι
490 3135 526 3203 δέ
543 3138 598 3204 καὶ
616 3140 760 3221 δοθῆναι
777 3136 870 3223 αὐτῷ
879 3134 1006 3219 ταάτῃν
1017 3131 1081 3220 τὴν

118 3235 244 3317 άδειαν,
257 3235 467 3318 περιπλέοντι
477 3236 532 3302 καὶ
544 3232 747 3324 ὁρμιζομένῳ
760 3241 806 3313 είς
822 3233 880 3312 τάς
891 3232 1017 3318 νήσους
1027 3235 1080 3301 ἐπὶ

117 3330 284 3419 προφάσει
291 3338 333 3418 τῃ
342 3337 412 3398 ταῖν
419 3340 548 3420 λῃστῶν
560 3341 696 3420 φυλακῇ
707 3337 918 3418 διαφθείρειν
926 3328 1007 3410 τοὺς
1017 3358 1081 3418 νη·

116 3433 236 3510 σιάτας
246 3432 302 3497 καὶ
311 3426 492 3513 άφιστάναι
503 3428 601 3516 ὑμῶν
606 3481 616 3517 ,
633 3434 689 3501 καί
699 3428 743 3518 μὴ
755 3430 864 3517 μόνον
873 3425 958 3511 τούς.
964 3430 1082 3519 φυγά-
