2340 3894
137 225 223 294 '1⁰0
273 254 278 260 ·
383 228 430 287 DL
453 220 878 286 ΔΗΜΟΣΘΕΝΟῬΣ

157 397 225 456 τάν
230 384 423 456 άντιπάλων
428 384 541 471 χάραν
553 379 700 460 ὁπλίταις
707 384 762 448 καὶ
769 390 947 460 πολιτικοῖς
957 380 1121 467 στρατεά..

153 504 257 573 μασιν
263 483 449 572 ἀναχωρεῖν
456 480 502 550 ἐπ’
511 492 607 551 οῖκου
614 480 724 548 πάλιν·
736 477 859 548 οὕτωδ
867 477 1117 567 άρχαίωςείχον,

155 588 336 670 μᾶλλονδὲ
353 579 544 664 πολιτικῶς,
564 576 646 646 ὥστ’
663 577 744 646 οὐδὲ
761 579 938 665 χρημάτων
955 576 1119 653 ω’νεῖσθοιι

48 732 50 737 >
154 678 229 768 παρ’
239 677 498 763 οὐδενὸςοάδλν,
510 675 578 745 ἀλλ’
590 676 674 744 εἶναι
681 677 827 764 νόμιμόν
834 705 909 745 τινα
916 681 970 746 καὶ
981 701 1118 764 προφα-

111 780 425 867 λῖνῆτόνπάλεμον.
439 775 552 846 νυνὶδ
558 774 658 861 ὁράτε
665 775 726 861 μὲν
732 776 842 863 δήπου
850 776 890 844 τά
898 775 1118 854 πλεῖστατοάς

154 879 320 965 προδότας
326 875 596 960 άπολωλεκότας,
608 872 710 942 οὐδὲν
721 871 752 942 δ’
767 877 804 942 ἐκ
815 874 1026 959 παρατάξεως
1035 873 1120 947 οὐδὲ.

153 976 258 1063 μάχης
267 977 484 1062 γιγνόμενον·
506 971 648 1041 άκοάετε·
662 973 698 1041 δὲ
709 979 877 1041 Φίλιππον
893 970 968 1059 οάχλ
984 981 1032 1063 τῷ
1047 973 1118 1059 φά-

153 1082 258 1159 λαγγα
270 1073 415 1141 ὁπλιτῶν
426 1073 521 1157 άγειν
531 1069 700 1159 βαδίζονθ’
712 1069 791 1140 ὅποι
801 1072 966 1158 βούλεται,
978 1070 1116 1160 άλλάτρί

153 1171 281 1257 ψιλοὺς,
293 1174 422 1254 ἱππέας,
439 1170 584 1257 τοξότας,
602 1173 727 1255 ξένους,
744 1178 898 1238 τοιοῦτον
916 1173 1118 1257 ἐξηρτῆσθαι

105 1287 144 1338 σο
154 1271 387 1358 στρατόπεδον.
418 1268 555 1338 ἐπειδάν
571 1268 603 1337 δ’
615 1272 668 1337 ἐπὶ
679 1270 810 1348 τούτοις
828 1267 912 1354 πρὸς
929 1277 1117 1348 νοσοῦντας

152 1373 189 1437 ἐν
199 1365 311 1448 αὑτοῖς
325 1373 496 1456 προσπέσῃ
507 1371 562 1435 καλ
573 1370 686 1454 μηδεὶς
695 1365 779 1450 ὑπὲρ
791 1375 850 1454 τής
859 1367 969 1453 χώρας
984 1365 1022 1435 δι’
1035 1366 1115 1436 oim-
1127 1388 1166 1442 ιν,

152 1474 247 1535 στίαυ
257 1470 335 1555 ἐξίῃ,
347 1465 549 1554 μηχανήματ’
566 1466 744 1553 ἐπιστήσας
754 1474 933 1550 πολιορκεῖ.
964 1468 1019 1534 καλ
1031 1487 1115 1535 σιω-

153 1574 206 1634 πολ
216 1571 319 1652 θέρος
329 1569 384 1635 καὶ
394 1572 551 1652 χειμῶνα,
569 1561 614 1644 ὥς
624 1561 725 1633 οὐδὲν
737 1568 904 1650 διαφέρει,
931 1562 1005 1632 οὐδ’
1021 1567 1114 1659 ἐστὶν

105 1688 143 1742 51
153 1669 316 1749 ἐξαίρετος
327 1664 399 1750 ε’)’ρα
410 1692 459 1743 τις
483 1663 528 1750 ήν
544 1669 711 1732 διαλείπει.
742 1671 847 1732 ταῦτα
861 1666 975 1750 μέντοι
986 1665 1114 1742 πάντας

71 1841 72 1845 ¹
152 1764 282 1843 εἰδότας
301 1766 357 1831 καὶ
373 1764 605 1848 λογιζομένους
621 1761 664 1830 οὐ
675 1761 728 1830 δεῖ
739 1757 927 1848 προσέσθαι
936 1761 998 1831 τὸν
1010 1761 1113 1831 πόλε-

150 1887 216 1946 μον
226 1867 272 1939 εἰς
282 1859 344 1946 τήν
354 1859 483 1946 χάραν,
495 1858 571 1928 οὐδ’
585 1867 631 1939 είς
641 1858 703 1947 τήν
718 1860 880 1948 εὐήθειαν
888 1859 952 1947 τήν
962 1869 1024 1930 τοῦ
1034 1861 1112 1931 τότε

150 1957 233 2043 πρὸς
252 1962 536 2043 Λακεδαιμονίους
554 1961 701 2044 πολέμου
718 1962 901 2045 βλέποντας
917 1963 1112 2050 ἐκτραχηλι-Ι

100 2088 103 2093 >
150 2062 284 2142 σθῆναι,
292 2053 361 2123 ἀλλ’
370 2053 414 2135 ὣς
425 2060 461 2123 ἐκ
473 2064 631 2125 πλείστου
641 2059 870 2143 φυλάττεσθαι
878 2057 1113 2144 τοῖςπράγμα-

151 2176 185 2222 σι
195 2156 251 2223 καὶ
261 2169 331 2234 ταῖς
349 2171 590 2240 παρασκευαῖς,
612 2156 701 2236 ὅπως
719 2166 859 2226 οῖκοθεν
874 2156 920 2244 μή
937 2158 1112 2243 κινήσεται

104 2281 140 2333 52
151 2260 369 2339 σκοποῦντας,
394 2252 467 2341 οὐχὶ
477 2259 730 2342 συμπλακέντας
740 2262 1004 2342 διαγωνίζεσθαι.
1027 2258 1114 2340 πρὸς

149 2352 210 2439 μέν
230 2349 296 2440 γάρ
318 2353 467 2439 πόλεμον
487 2352 594 2422 πολλά
617 2355 720 2439 φύσει
740 2351 1001 2443 πλεονεκτήμαθ’
1028 2353 1112 2443 ἡμῖν

148 2449 299 2538 ὑπάρχει,
311 2450 355 2519 άν
367 2475 439 2536 περ,
452 2446 480 2518 ά
491 2452 611 2541 ἄνδρες
617 2452 801 2541 Ἀθηναῖοι,
822 2470 929 2523 ποιεῖν
939 2456 1112 2542 ἐθέλωμεν

148 2547 279 2636 άδεῖ,ή
295 2551 463 2638 φύσιςτής
475 2554 605 2634 Ιἐκείνου
620 2554 744 2640 χώρας,
763 2547 803 2641 ἧς
814 2554 909 2640 άγειν
925 2558 981 2624 καλ
992 2559 1110 2641 φέρειν

53 2710 56 2715 .
148 2654 217 2716 ἔστι
228 2646 358 2734 πολλήν
369 2651 423 2717 καὶ
434 2658 546 2731 κακῶς
556 2667 673 2737 ποιεῖν,
685 2652 770 2721 άλλα
781 2660 898 2739 μυρία·
911 2659 957 2733 είς
965 2655 1006 2733 ,δὲ
1017 2651 1110 2739 &705-

148 2773 192 2814 να
203 2745 342 2833 άμεινον
351 2745 446 2834 ήμοίν
459 2751 583 2827 ἐκεῖνος
592 2749 741 2836 ήσκηται.
827 2808 830 2815 .

101 2869 138 2922 ⁵3
234 2844 286 2914 Οὐ
296 2846 406 2932 μόνον
416 2847 452 2915 δὲ
463 2851 516 2915 δεῖ
524 2856 627 2915 ταῦτα
642 2848 853 2937 γιγνώσκειν,
876 2849 956 2919 οὐδὲ
970 2864 1040 2929 τοῖς
1050 2855 1111 2937 έρ-

146 2970 219 3032 γοις
229 2946 358 3013 ἐκεῖνον
369 2943 560 3031 ἀμύνεσθαι
569 2961 638 3028 τοῖς
648 2958 711 3017 τοῦ
722 2955 880 3036 πολέμου,
897 2948 984 3018 άλλά
994 2952 1050 3018 καὶ
1061 2957 1110 3041 τῷ

146 3051 293 3133 λογισμῷ
308 3046 363 3113 καὶ
372 3053 416 3132 πή
426 3050 556 3135 διανοίᾳ
568 3048 651 3128 τούς
658 3048 733 3135 παρ’
746 3048 827 3135 ὑμῖν
838 3047 924 3136 ὑπὲρ
935 3047 1043 3119 αὐτοῦ
1052 3054 1110 3118 λέ-

146 3169 267 3231 γοντας
287 3150 440 3231 μισῆσαι,
458 3148 733 3234 ἐνθυμουμένους
754 3147 806 3216 ὅτι
830 3146 894 3216 οὐκ
911 3155 1020 3218 ἔνεστι
1040 3156 1109 3216 τῶν

94 3262 98 3266 ·
146 3247 208 3324 lim
220 3249 279 3330 τῆς
301 3242 430 3323 πόλεως
450 3248 585 3332 ἐχθροῖν
605 3255 778 3335 κρατήσαι,
801 3250 882 3334 πρὶν
904 3243 950 3315 άυ
968 3245 1049 3326 τοὺς
1071 3252 1108 3315 ἐν

101 3339 232 3429 ελαάτή
242 3346 285 3428 τή
294 3341 390 3408 πόλει
406 3343 568 3431 κολάσητε
586 3342 839 3432 ὑπηρετοῦντας
847 3349 995 3426 ἐκείνοις.
1030 3345 1107 3432 δμδ

142 3440 203 3507 τὸν
212 3444 282 3508 Δία
303 3441 359 3508 καλ
375 3439 455 3521 τοὺς
472 3441 596 3524 ἄλλους
616 3444 720 3534 θεοδς
736 3443 780 3513 οὐ
799 3445 990 3532 δυνήσεσθε
1012 3442 1109 3532 ὑμεῖς
