2340 3894
165 188 228 254 ιω
303 154 307 158 ’
370 159 922 251 κν.ΔαιιοΣοααονε
994 193 1001 211 ·

163 353 200 420 ἐκ
212 356 365 436 φανεροῦ
382 347 583 442 κεκράτηκεν
600 344 669 414 οὔτ’
681 349 915 433 ἐπιβουλεῦσαι
935 350 1126 438 συνενήνο-

163 475 222 536 χεν
240 447 340 538 αὐτῷ.
374 443 445 532 δρῶ
463 442 496 513 δ’
508 442 605 530 ὑμῶν
623 448 732 524 ἐνίους
748 452 917 513 Φιλίππου
933 448 997 532 μὲν
1015 446 1059 526 ως
1072 445 1123 534 ἄρ’

162 545 307 626 οὐδενός
322 544 417 626 άξίου
432 546 590 622 πολλάκις
601 541 864 630 ὀλιγωροῦντας,
878 548 1015 632 βασιλέα
1031 544 1062 614 δ’
1082 544 1125 626 ὡς

163 645 302 733 ίσχυρδν
313 641 439 731 ἐχθρόν
455 638 505 722 οἷς
521 638 566 710 άν
582 647 760 728 προέληται
771 645 1012 730 φοβουμένους.
1048 650 1110 713 είδ
1066 644 1126 713 ίδὲ

164 744 224 813 τδν
236 746 298 831 μὲν
317 740 359 822 ὡς
371 750 503 828 φαῦλον
515 739 577 808 οὐκ
594 739 836 827 άμυνοόμεθα,
859 769 904 833 τςο
893 741 985 810 δὲ’
963 770 1008 823 ως
1019 751 1125 831 φοβε-

164 870 213 934 ρμ
201 840 326 911 πάνθ’
337 839 526 927 ὑπείξομεν,
544 865 628 925 προς
638 834 792 923 τίνας,
766 867 791 907 ω
811 837 947 976 άνδρες’
944 850 1168 928 Αδηναῐοι,ιο

164 941 436 1028 παραταξόμεδα;
594 999 597 1005 f

118 1064 156 1116 ηε
248 1041 323 1107 Εἰσὶ
335 1041 372 1106 δε
380 1064 477 1120 τινες
495 1064 520 1104 ω
509 1030 676 1122 ανδρες
670 1046 857 1123 Αθηναῖοι
875 1037 947 1124 παρ’
962 1037 1043 1125 ὑμιν
1055 1045 1124 1111 δει-

163 1140 345 1208 νότατοιτα
334 1137 474 1206 δίκαια
491 1138 600 1222 λέγειν
617 1133 701 1221 ὑπὲρ
719 1145 789 1203 τῶν
805 1135 918 1234 άλλων
928 1135 1014 1221 πρδς
1025 1135 1122 1226 ὑμᾶς,

163 1233 212 1317 οἷς
222 1235 447 1322 παραινέσαιμ’
461 1230 505 1303 άν
516 1241 618 1320 ἔγωγε
628 1242 791 1302 τοσοῦτον
802 1230 917 1322 μόνον,
930 1232 1016 1323 άπερ
1026 1234 1124 1324 ὑμεῖν

163 1362 248 1426 προς
257 1362 336 1414 τους
346 1334 469 1413 αλλους
480 1331 632 1421 ζητεῖν
597 1361 636 1401 τα
655 1338 765 1402 δίκαια
781 1335 935 1445 λέγειν,“
920 1361 955 1402 ιν
952 1331 1120 1404 αυτοὶ
1082 1363 1123 1405 τα

164 1435 377 1522 προσήκοντα
394 1441 519 1517 πρῶτοι
541 1439 727 1520 φαίνωνται
749 1436 939 1511 ποιοῦντες·
965 1461 1011 1513 ως
1033 1440 1123 1503 ἔστιν

160 1534 290 1603 άτοπου
301 1537 374 1619 περὶ
385 1540 454 1600 τῶν
465 1528 881 1616 δικαίωνάμάςδιδάσκειν
899 1528 1005 1601 αάτδν
1016 1558 1060 1600 ου
1047 1531 1121 1601 ’δι’-

162 1659 240 1702 καια
252 1641 428 1701 ποιοῦντα·
452 1628 493 1698 οὐ
503 1630 569 1715 γάρ
581 1633 650 1697 ἐστι
661 1633 696 1697 δί
681 1636 789 1697 ίκαων
800 1629 881 1697 ὄντα
892 1637 1033 1719 πολίτην
1043 1629 1122 1711 τοὺς

162 1727 238 1798 καθ’
252 1726 347 1816 ὑμῶν
357 1727 488 1814 λόγους,
500 1726 583 1795 ἄλλά
595 1727 639 1814 μὴ
652 1726 730 1806 τούς
740 1725 824 1813 ὑπὲρ
836 1725 933 1814 ὑμῶν
944 1731 1120 1814 ἐσκέφθαι.

116 1847 155 1902 26
162 1834 244 1915 φέρε
255 1829 320 1915 γάρ
332 1827 416 1913 πρὸς
426 1834 520 1894 θετόν
537 1825 699 1910 σκοπεῖτε,
717 1831 753 1893 τί
764 1824 876 1914 δήποτ’
895 1829 933 1894 ἐν
947 1832 1121 1917 Βυζαντίῳ

161 1925 271 2004 οὐδείς
281 1924 349 1994 ἐσθ’
357 1923 376 1994 ὁ
388 1925 531 2004 διδάξων
542 1929 690 2002 ἐκείνους
699 1924 743 2010 μὴ
755 1924 1027 2012 καταλαμβάνειν
1033 1933 1124 1995 Χαλ-

161 2025 304 2111 κηδόνα,
327 2020 350 2110 ἢ
364 2027 526 2110 βασιλέως
542 2028 604 2110 μέν
614 2026 720 2109 ἐστιν,
741 2033 841 2110 εἴχετε
852 2022 883 2092 δ’
896 2021 1005 2110 αὐτὴν
1017 2023 1122 2112 ὑμεῖς,

161 2125 298 2200 ἐκείνοις
309 2116 340 2187 δ’
354 2118 548 2206 οὐδαμόθεν
559 2125 724 2208 προσῆκε·
748 2123 1047 2210 μηδὲΣηλυβρίαν,
1058 2125 1124 2192 πό·

162 2228 216 2290 λιν
227 2217 392 2307 ὑμετέραν
402 2221 480 2289 ποτε
492 2221 667 2307 σύμμαχον
676 2213 793 2306 οὖσαν,
812 2219 855 2299 ὡς
865 2218 991 2300 αὐτοὺς
1002 2242 1122 2295 συντε-

91 2379 94 2384 ,
163 2325 205 2405 λῆ
216 2332 324 2386 ποιεῖν
334 2318 581 2398 καὶΒυζάντιον
591 2316 712 2404 ὁρίζειν
721 2319 919 2405 τὴντοάτων
930 2318 1046 2407 χώραν
1057 2346 1122 2388 πα·

163 2417 206 2501 ρά
218 2416 297 2498 τούς
313 2416 436 2502 ὅρκους
453 2420 508 2486 καί
526 2416 584 2497 τάς
595 2418 784 2504 συνθήκας,
796 2420 834 2484 ἐν
845 2412 897 2496 αῖς
908 2416 1121 2506 αὐτονόμους

116 2544 152 2599 27
163 2515 221 2597 τάς
237 2516 350 2594 πόλεις
364 2515 448 2584 εἶναι
464 2518 664 2602 γέγραπταις
688 2513 767 2583 οὐδὲ
782 2516 981 2585 Μαύσωλον
1002 2523 1118 2604 ζῶντα,

162 2613 242 2682 οὐδὲ
262 2615 520 2701 τελευτήσαντος
546 2617 676 2682 ἐκείνου
696 2612 761 2701 τὴν
776 2611 984 2700 Ἀρτεμισίαν
1011 2614 1120 2696 οὐδείς

164 2709 233 2780 ἐσθ’
248 2709 265 2777 ό
278 2711 422 2791 διδάξων
432 2710 476 2797 μη
489 2714 757 2801 καταλαμβάνειν
771 2719 849 2780 Κῶν
866 2715 922 2782 καὶ
935 2712 1052 2783 Ῥόδον
1064 2716 1120 2784 καὶ

81 2831 88 2836 ·
162 2807 264 2885 άλλας
275 2806 387 2886 πόλεις
397 2806 522 2895 ἐτέρας
521 2803 755 2896 Ελληνίδας,
726 2837 775 2878 ων
786 2809 969 2899 βασιλευς*
952 2837 971 2879 ο
983 2816 1120 2882 ἐκείνων

163 2903 323 2991 δεσπότης
334 2907 372 2973 ἐν
387 2919 458 2984 ταῖς
474 2909 664 2995 συνθήκαις
680 2907 804 2996 άπέστη
821 2923 888 2988 τοῖς
897 2907 1043 3030 Ἷλλλησι,
1065 2912 1119 2980 καί

33 3051 34 3057 1
155 2993 298 3088 πορίων
309 2990 646 3088 πολλοδςκινδάνυυς
638 3007 1043 3094 καλκαλοδςάγωναςοί
1051 3038 1112 3080 κατ

162 3106 310 3182 ἐκείνους
319 3129 398 3184 τους
407 3131 552 3191 χρονους
560 3098 715 3192 Ἕλληνες
725 3107 931 3196 ἐτοιησαντο
962 3106 1078 3176 είδ”’
1054 3135 1119 3194 αρν

161 3204 218 3272 καὶ
227 3205 315 3289 λέγει
325 3229 374 3283 τις
383 3200 583 3290 αμφοτέροις
593 3203 706 3284 αυτοῖς
712 3255 722 3290 ,
742 3202 811 3273 ἀλλ’
824 3210 859 3273 οἵ
871 3231 910 3290 γε
926 3206 1119 3295 πεισόμενοι

116 3303 302 3388 λδτοότοις,
314 3299 359 3382 ὡς
368 3308 486 3389 ἔοικεν,
500 3301 562 3371 οὐκ
575 3309 666 3371 εἰσίν.
696 3302 761 3390 ἐγω
773 3303 809 3372 δὲ
821 3307 950 3371 δίκαιον
960 3307 1024 3390 μὲν
1035 3305 1118 3375 εἶναι

160 3407 280 3485 νομιζω
297 3400 456 3486 κατάγειν
470 3399 671 3471 τδνῬοδίων
688 3407 796 3488 δῆμον
831 3399 873 3470 οὐ
888 3400 1118 3488 μὴνάλλάκσδ
1166 3423 1168 3428 ’
