2340 3894
225 187 355 251 ιιιιεε
374 188 487 250 ναιι
506 190 578 250 αα
598 191 955 261 ιιιιοεοαιιεαι.
983 278 987 283 ⁴
1025 192 1067 257 ει

105 347 281 436 κη’σουσαν
290 353 348 419 καὶ
357 350 698 435 καταδουλωσομένην
710 349 857 431 ἅπαντας
867 353 1066 440 τούςἝλλη-

105 474 181 530 νας,
194 445 287 516 οὕτω
298 447 359 534 τὴν
369 449 547 516 σώσουσαν
559 445 652 533 ὑμεῖς
662 452 718 516 καὶ
728 448 968 538 βοηθήσουσαν
978 453 1067 521 ἀπα-

70 565 96 620 λί
106 570 161 615 σιν
178 550 316 632 ἕτοιμον
332 552 432 634 ἔχητε.
465 546 507 614 οό
524 545 589 632 γάρ
606 553 674 615 ἔστι
692 555 863 634 βοηθείαις
877 553 1067 637 χρωμένους

108 644 260 715 οὐδέποτ’
274 642 377 714 οὐδὲν
393 654 461 714 τῶν
472 645 620 715 δεόντων
630 654 768 734 πρᾶξαι,
787 646 871 716 ἀλλά
882 669 1068 717 κατασπεν-

107 746 255 826 όσαυτας
274 749 327 813 δεῖ
344 746 507 831 δύναμιν,
528 755 584 813 καλ
600 744 731 832 τροφὴν
746 745 851 832 ταότη
868 754 1068 831 πορίσαντας

106 846 158 913 καὶ
168 854 288 930 ταμίας
298 846 354 913 καὶ
365 849 554 931 δημοσίους,
565 845 620 912 καὶ
633 844 722 924 ὅπως
732 851 782 914 ἔνι
792 843 854 931 τὴν
864 853 933 914 των
940 845 1068 932 χρημό-

106 969 173 1011 των
184 942 343 1029 φυλακην
354 942 592 1030 ἀκριβεστάτην
608 946 782 1030 γενέσθαι,
804 941 891 1011 οὕτω
906 944 1069 1031 ποιήσαν-

107 1069 173 1129 τας,
181 1041 245 1110 τόν
256 1044 317 1128 μὲν
328 1051 395 1109 τῶν
406 1042 581 1128 χρημάτων
590 1041 692 1126 λόγον
703 1040 791 1125 παρά
800 1041 929 1110 τούτων
937 1042 1068 1130 λαμβά-

109 1167 189 1227 υειν,
201 1139 264 1209 τόν
274 1141 310 1208 δὲ
321 1149 388 1208 τῶν
399 1146 504 1226 ἔργων
517 1140 605 1225 παρὰ
616 1149 677 1207 τοῦ
688 1151 882 1228 στρατηγοῦ.
901 1139 966 1209 κάν
978 1141 1067 1209 οὕτω
1149 1154 1157 1171 ’

108 1239 266 1324 ποιήσητε
275 1241 329 1305 καὶ
339 1236 427 1306 ταῦτ’
436 1239 615 1324 ἐθελήσητε
625 1235 668 1314 ὡς
676 1237 820 1324 ἀληθῶς,
828 1239 922 1324 ἀγειν
931 1241 1067 1327 είρήυην

110 1342 241 1405 δικαίαν
249 1338 305 1404 καὶ
314 1339 427 1421 μένειν
436 1338 487 1404 ἐπὶ
496 1342 553 1421 τῆς
562 1333 668 1403 αὑτοῦ
676 1343 842 1405 Φίλιππον
851 1336 1065 1424 ἀναγκάσετε,

110 1429 377 1523 οόμεῑζονοάδὲν
387 1434 429 1503 ἀν
438 1431 552 1521 γένοιτ’
563 1430 930 1522 ἀγαθόν,ι”η“πολεμήσετ’
940 1440 972 1516 ἐξ
981 1447 1065 1504 ίσου·

78 1550 106 1604 λδ
194 1542 239 1604 Εί
259 1537 297 1603 δέ
316 1560 361 1623 τῳ
384 1540 476 1603 δοκεῖ
492 1541 597 1601 ταῦτα
613 1536 669 1602 καὶ
688 1534 838 1622 δαπάνης
855 1536 997 1622 μεγάλης
1013 1539 1068 1602 καὶ

112 1635 227 1703 πόνων
237 1641 373 1702 πολλῶν
383 1635 438 1701 καὶ
450 1641 672 1718 πραγματείας
684 1631 779 1720 εἶναι,
791 1636 845 1702 καὶ
856 1631 944 1720 μόλα
954 1631 1068 1721 ὀρθῶς

113 1740 212 1802 δοκεῖ·
242 1729 310 1800 ἀλλ’
335 1732 396 1801 έάν
423 1739 593 1818 λογίσηται
613 1731 654 1800 τὰ
682 1743 723 1821 τῇ
743 1734 839 1801 πόλει
858 1733 941 1820 μετά
962 1741 1068 1801 ταῦτα

111 1830 328 1956 γενησόμενα,
335 1831 380 1898 ἀν
389 1837 493 1899 ταῦτα
503 1831 549 1917 μὴ
560 1834 658 1919 ἐθέλη
670 1847 786 1918 ποιεῖν,
794 1828 927 1918 εὑρήσει
938 1840 1068 1901 λυσιτε-

81 1940 195 2005 λδλοῦν
205 1929 242 1999 τό
254 1931 392 2009 ενόντας
403 1945 510 1999 ποιεῖν
520 1957 560 1998 τα
550 1929 764 1999 δεονταί
733 1936 764 1999 εί
775 1931 837 2017 μεν
853 1932 918 2018 γάρ
935 1935 1006 2003 ἐστί
1020 1959 1068 2011 τις

111 2026 271 2153 ε’γγυητης
292 2026 373 2114 ὑμῖν
392 2037 486 2097 θεων
501 2027 559 2113 (οό
575 2027 641 2114 γὰρ
657 2027 888 2116 ἀνθρώπωυγ
904 2029 1046 2112 ουδεὶς
1023 2059 1068 2098 αν

111 2117 1066 2215 γενοιτοαξιοχρεωςτηλικουτουπραγματος)ως,εαναγηθ

111 2223 353 2313 ησυχίανκαὶ”
330 2250 460 2293 απαντα
471 2226 634 2311 πρόησθε,
652 2222 771 2309 οὐκέτ’
786 2224 909 2304 αὐτοὺς
920 2225 1005 2312 ὑμᾶς
1016 2253 1070 2295 τε-

112 2332 241 2394 λευτωυ
257 2326 382 2401 ἐκεῖνος
397 2321 479 2410 ηξει,
497 2321 678 2408 αἰσχρόν
644 2349 705 2408 μεν
716 2349 757 2407 νη
770 2321 830 2389 τόν
839 2329 907 2387 Δία
917 2324 973 2390 καὶ
984 2323 1131 2392 miv-102

112 2449 167 2504 τας
184 2420 291 2509 θεοὺς
310 2425 366 2491 παλ
383 2421 521 2502 ἀνάξιον
539 2419 636 2507 ὑμῶν
653 2423 708 2487 καὶ
719 2425 787 2486 τῶν
798 2415 1017 2502 ὑπαρχόντων
1027 2426 1068 2506 τῇ

111 2524 205 2592 πόλει
216 2524 274 2590 καὶ
290 2524 532 2607 πεπραγμένων
542 2534 610 2596 τοῖς
621 2516 815 2604 προγόνοις,
832 2523 891 2601 τῆς
901 2520 986 2593 ίδίας
996 2515 1070 2583 ἕνε-

111 2625 336 2710 καραθνμίας
345 2621 424 2699 τοὺς
435 2617 557 2699 ἀλλους
565 2613 904 2702 πάνταςἝλληναςείς
915 2619 1069 2684 δουλείαν

111 2722 288 2805 προέσθαι,
310 2720 366 2786 καὶ
386 2724 490 2804 ἔγωγε
511 2715 612 2796 αότός
632 2715 694 2802 μὲν
707 2714 870 2784 τεθνάναι
886 2723 1014 2803 μᾶλλον
1025 2711 1069 2784 ἀν
1138 2782 1140 2790 ,

109 2815 131 2905 ἢ
138 2816 233 2888 ταῦτ’
245 2821 411 2903 είρηιιέναι
422 2824 621 2904 βουλοίμην·
646 2813 688 2884 οό
698 2812 766 2903 μὴν
777 2812 846 2883 ἀλλ’
858 2825 891 2883 εί
902 2842 952 2894 τις
968 2814 1069 2896 ἀλλος

109 2921 200 3004 λέγει
209 2918 266 2985 καὶ
277 2914 363 3001 ὑμᾶς
369 2924 489 3012 πείθει,
496 2922 590 3001 ἔστω,
596 2914 640 3002 μη
653 2913 835 3002 ἀμύνεσθε,
843 2906 972 2983 ἅπαντα
983 2915 1070 3004 πρό-

71 3025 202 3086 moos.
226 3022 257 3084 εί
267 3014 303 3083 δὲ
313 3018 429 3101 μηδενὶ
438 3023 538 3085 τοῦτο
550 3013 898 3100 δονετ,τοόναντίονδ“ε
907 3015 1071 3101 πρόϊσμεν

108 3114 266 3199 ἅπαντες,
284 3111 337 3181 ότι
348 3112 416 3202 ὅσῳ
435 3111 480 3182 ἀν
496 3115 663 3183 πλειόνων
679 3113 829 3200 ἐάσωμεν
838 3117 967 3200 ἐκεῖνον
976 3116 1071 3200 γενέ-

108 3224 194 3284 σθαι
206 3213 338 3299 κόριον,
345 3213 493 3303 τοσούτῳ
504 3215 717 3301 χαλεπωτέρῳ
724 3216 779 3280 καλ
785 3216 983 3299 ἰσχυροτέρῳ
989 3236 1071 3297 χρη-

111 3313 245 3398 σόμεθα
254 3313 377 3402 ἐχθρῷ,
389 3325 449 3379 ποί
456 3308 675 3398 ἀναδυόμεθα
684 3306 707 3397 ἦ
717 3320 751 3380 τί
759 3303 968 3398 μέλλομεν;η”
979 3306 1070 3393 πότε,

68 3403 1071 3497 5ιάἀνδρεςἈθηναῖοατάδέονταποιεϊνίθελήσομεν;όταν
1127 3405 1131 3412 ’
