2340 3894
152 233 157 241 ’
221 216 329 280 ΠΕΡΙ
353 217 451 280 ΤΗΣ
466 218 648 280 ΡΟΔΙΩΝ
667 219 961 286 ΕΛΕΥΘΕΡΙΑΣ.
1006 222 1067 286 165

112 377 152 447 δὲ
167 379 224 448 καὶ
238 376 341 464 μόνος
356 374 378 467 ή
396 378 550 463 δεύτερος
561 384 681 465 εἰπεῖν,
696 379 749 448 ότι
760 407 816 466 μοι
826 399 1014 468 σωφρονεῖν
1025 379 1069 453 άν

113 483 263 563 δοκοῖτε,
280 483 311 546 εί
319 477 382 563 τὴν
392 477 563 563 πρόφασιν
573 485 631 563 τῆς
639 489 850 566 παρασκευῆς
860 481 904 567 μή
916 480 978 571 τήν
987 483 1070 568 πρὸς

112 578 245 647 ἐκεῖνον
262 582 387 662 ἔχθραν
404 586 574 662 ποιοῖσθε,
597 575 681 644 άλλά
693 581 998 662 παρασκευάζοισθε
1008 585 1070 667 μὲν

112 674 199 762 πρός
209 673 290 755 τοὺς
299 672 509 761 ὑπάρχοντας
521 673 681 760 ἐχθροὺς,
705 675 893 763 ἀμύνοισθε
911 678 947 746 δέ
958 677 1071 747 κάκεῖ-
1092 702 1098 707 ·

110 801 192 861 νον,
216 770 373 859 έάνὺμάς
384 770 509 842 ἀδικεῖν
527 776 680 859 ἐπιχειρῇ.
713 777 768 842 καὶ
785 774 847 845 οὑκ
865 774 928 861 έγοδ
946 780 1008 863 μὲν
1025 776 1070 845 εἷ-

112 899 180 942 πον
197 870 311 957 ταῦθ’,
334 869 415 957 ὑμῖν
433 868 466 939 δ’
486 870 548 940 οὑκ
559 872 701 941 ἐδόκουν
711 872 824 960 ὀρθῶς
839 880 963 962 λέγειν,
985 872 1070 946 άλλά

86 977 168 1052 Ὶκαί
180 969 261 1058 ὑμῖν
272 970 390 1058 ἤρεσκε
402 979 515 1042 ταῦτα.
538 971 727 1052 άκόλουθος
737 981 853 1043 τοίνυν
865 973 882 1042 ὁ
894 983 961 1043 νῦν
970 975 1070 1061 λόγος

112 1074 186 1140 έστί
200 1095 257 1156 μοι
272 1076 320 1154 τῷ
336 1068 411 1137 τότε
422 1070 566 1156 ῥηθέντι.
600 1067 665 1155 έγεό
676 1069 758 1156 γάρ,
780 1078 811 1140 εί
819 1070 975 1160 βασιλεὺς
987 1070 1067 1161 παρ’

113 1166 220 1239 αὑτὸν
230 1165 311 1235 ὄντα
321 1193 362 1254 με
373 1168 565 1255 σύμβουλον
576 1183 711 1254 ποιοῖτο,
723 1170 816 1238 ταῦτ’
828 1170 872 1240 άυ
884 1169 975 1262 αὐτῷ
983 1196 1065 1260 παρ’

112 1272 283 1354 αινέσαιμι
300 1265 383 1354 άπερ
400 1265 480 1354 ὑμῖν
487 1318 497 1351 ,
519 1263 602 1352 ὑπὲρ
620 1271 681 1352 μὲν
698 1277 766 1336 τῶν
787 1267 893 1338 αὑτοῦ
903 1280 1069 1357 πολεμεῖν,
1106 1282 1120 1308 '

113 1367 176 1437 ἐάν
186 1393 236 1446 τις
251 1369 445 1435 ἐναντιῶται
461 1361 717 1452 τῶνἙλλήνων,
740 1358 789 1434 οὑν
806 1370 842 1436 δὲ
860 1368 963 1455 μηδὲν
980 1369 1071 1460 αὐτῷ

86 1465 293 1554 επροσήκει,
314 1463 445 1532 τούτων
459 1463 538 1551 μηδ’
556 1463 799 1533 ἀντιποιεῖσθαι
814 1464 876 1552 τήν
893 1464 1008 1556 άρχήν.
1043 1475 1074 1539 εί

113 1565 176 1653 μὲν
187 1557 253 1632 οὑν
263 1562 349 1642 ὅλως
360 1563 541 1650 ἐγνώκατε,
560 1556 588 1631 ιό
599 1562 718 1647 άνδρες
726 1560 914 1650 Ἀθηναῖοι,
926 1561 1016 1633 ὅσων
1028 1561 1071 1634 άν

113 1661 273 1753 βασιλεὺς
290 1659 450 1749 ἐγκρατής
466 1665 598 1748 γένηται
615 1663 751 1749 φθάσας
761 1659 783 1750 ή
794 1665 1072 1752 παρακρουσάμε-

114 1762 174 1842 νός
191 1786 284 1839 τινας
301 1768 369 1827 τοῖν
380 1762 417 1828 έν
428 1774 498 1838 ταῖς
509 1760 639 1846 πόλεσι,
663 1777 889 1848 παραχωρεῖν,
911 1761 1072 1843 οὑκαλάς

113 1857 299 1949 ἐγνώκατε,
322 1856 365 1939 ὡς
381 1858 444 1945 ἐγώ
463 1870 581 1947 κρίνω·
605 1866 636 1927 εί
644 1857 674 1927 δ’
695 1858 778 1946 ὑπὲρ
790 1869 858 1930 τῶν
870 1866 1006 1931 δικαίων
1017 1865 1073 1932 καὶ

114 1968 289 2047 πολεμεῖν,
313 1954 356 2026 άν
372 1958 495 2027 τούτου
512 1960 585 2047 δέη,
607 1961 662 2028 καὶ
678 1961 816 2048 πάσχειν
833 1959 948 2030 ὁτιοῦν
959 1972 1073 2031 οίεσθε

114 2066 254 2146 χρῆναι,
275 2065 410 2142 πρῶτον
426 2062 487 2145 μὲν
504 2054 584 2145 ὑμῖν
601 2051 702 2145 ήττον
714 2061 824 2147 δεήσει
835 2060 981 2147 τούτων,
1003 2059 1071 2148 όσφ
1096 2086 1102 2092 ·

115 2154 160 2225 άν
181 2163 312 2244 μάλλον
328 2157 507 2242 ἐγνωκότες
523 2150 580 2244 ήτε
596 2166 716 2244 ταῦτα,
739 2155 847 2226 ἔπειθ’
870 2156 891 2226 δι’
912 2159 1073 2246 προσήκει

115 2267 258 2342 φρονεῖν
272 2252 389 2334 δόξετε.

86 2374 107 2430 9
192 2349 266 2420 ’Ότι
286 2349 317 2419 δ’
336 2349 437 2421 οὐδέν
454 2352 573 2421 καινόν
591 2352 665 2421 οὔτ’
678 2353 741 2438 ἐγώ
753 2355 837 2438 λέγω
850 2362 914 2420 νῦν
922 2354 1073 2422 κελεύων

111 2452 258 2531 Ῥοδίους
281 2453 503 2539 ἐλευθεροῦν,
526 2450 606 2520 οὔθ’
630 2449 740 2538 ὑμεῖς,
762 2445 806 2519 άν
826 2453 986 2536 πεισθῆτέ
1004 2477 1072 2537 μοι,

116 2550 287 2638 ποιήσετε,
309 2560 378 2620 τοῖν
393 2555 624 2639 γεγενημένων
641 2549 727 2637 ὑμᾶς
742 2577 774 2619 τι
784 2553 838 2618 καί
850 2548 1073 2636 συνενηνοχό-

114 2678 185 2720 των
197 2647 391 2737 ὑπομνήσω.
425 2648 519 2736 ὑμεῖς
534 2653 732 2736 έξεπέμψατε
746 2646 915 2736 Τιμόθεόν
925 2671 1021 2734 ποτε,
1044 2638 1073 2718 οό

114 2747 238 2838 ἄνδρες
253 2747 442 2836 Ἀθηναῖοι,
463 2749 680 2838 βοηθήσοντα
694 2744 946 2836 Ἀριοβαρζάνῃ,
967 2768 1072 2831 προσ·
1097 2799 1099 2803 -

114 2849 306 2935 γράψαντες
322 2857 369 2939 τῷ
381 2855 566 2936 ψηφίσματι
576 2845 643 2934 “μή
654 2848 779 2917 λύοντα
789 2846 847 2928 τάς
858 2845 1006 2928 σπονδάς
1017 2849 1074 2929 τάς

110 2944 220 3033 “πρδς
231 2946 291 3015 τόν
301 2945 470 3034 βασιλέα.·”’
488 2946 573 3016 ίδιδν
585 2944 617 3013 δ’
630 2951 754 3033 ἐκεῖνος
764 2945 823 3016 τόν
833 2947 893 3033 μὲν
901 2946 1075 3035 Ἀριοβαρ-
1085 2957 1138 3019 19³

115 3046 223 3134 ζάνην
234 3057 390 3135 φανεροῖς
400 3045 574 3134 άφεσταλτα
584 3049 761 3134 βασιλέως,
783 3045 901 3133 Σάμον
920 3047 954 3115 δὲ
966 3071 1084 3131 φρου-ἱ

106 3146 289 3232 ρουμένην
301 3142 366 3214 ὑπό
377 3148 652 3231 Κυπροθέμιδος,
669 3141 709 3211 δν
721 3144 1077 3230 κατέστησεΤιγράνης

116 3241 312 3333 ὑβασιλέως
322 3243 486 3330 ὕπαρχος,
505 3252 552 3331 τῷ
563 3244 624 3329 μὲν
635 3241 767 3326 άπέγνω
779 3238 822 3330 μή
836 3247 992 3326 βοηθεῖν,
1015 3234 1077 3324 τήν

71 3341 154 3419 ιοδδ
170 3344 484 3431 προσκαθεζόμενος
501 3344 556 3410 καὶ
577 3342 751 3430 βοηθήσας
771 3338 999 3426 ήλευθέρωσε·
1022 3337 1077 3403 καὶ
1121 3376 1124 3381 -

113 3445 211 3530 μέχρι
220 3452 280 3530 τῆς
290 3443 436 3530 τήμερον
446 3439 571 3528 ἡμέρας
580 3438 622 3508 οὑ
632 3441 749 3526 γέγονε
759 3437 903 3520 πόλεμος
914 3432 968 3501 διά
979 3428 1075 3502 ταῦθ’
