2340 3894
62 205 70 219 v
135 192 198 257 ειν
266 230 269 234 -
340 198 434 258 ενοι.
470 195 890 282 ΛΗαοΣουΝουΣ

137 353 322 441 ὀνομάζων,
337 353 381 433 ὡς
392 353 453 424 ἐὰν
464 356 626 439 πρότερός
641 382 690 435 τις
701 365 776 444 είπη
787 355 827 424 τά
838 353 1002 442 προσόνθ’
1016 357 1090 423 ἑαυ-

137 462 183 546 τῷ
195 458 270 537 περὶ
284 453 399 540 ἀλλον,
411 456 475 529 καὶ
486 455 526 541 δὴ
545 451 640 522 ταῦθ’
654 453 761 534 οὕτως
772 460 898 544 ἔχοντα,
916 457 972 523 καὶ
984 452 1091 522 οὐκέτι

138 553 218 632 τοῦς
233 553 420 633 ἀκούοντας
437 557 663 642 σκεψομένους
683 561 732 633 τίς
753 553 827 622 ποτ’
847 553 947 632 αὐτός
970 557 1060 622 ἐστιν
1076 549 1091 620 ὁ

92 691 98 696 -
139 662 242 721 ταῦτα
253 657 367 739 λόγων.
392 652 456 739 ἐγεδ
468 651 632 721 δὀίδ’ότι
642 653 843 739 γιγνώσκετε
855 661 977 720 τοῦτον
987 652 1093 719 ἅπαν-

140 779 202 837 τες,
211 756 265 820 καί
275 750 476 820 σολῦτοότω
484 749 641 838 μᾶλλονῆ
649 755 1092 840 ἐμοὶνομίζετεταῦταπροσ-

31 859 130 914 217
143 867 234 920 εῖναι
275 849 408 919 κάκεῖνο
426 821 577 919 εῦοίδ’“
556 877 608 919 οτι
619 878 682 937 την
693 849 777 938 ἐμην
796 853 1093 938 δεινότητα-ἐστον

141 951 216 1069 γάρ.
250 955 356 1015 καίτοι
378 948 503 1070 ἔγωγΗ
485 957 554 1031 ορῦ
576 958 634 1036 τῆς
649 977 719 1018 των
735 953 903 1036 λεγόντων
922 950 1094 1036 δυνάμεως

141 1045 220 1126 τοῦς
231 1047 416 1127 ἀκούοντας
428 1076 465 1116 το
454 1048 633 1117 πλεῖστον
644 1057 796 1133 κυρίους
816 1047 860 1128 ὡς
869 1047 936 1137 γὰρ
951 1045 996 1118 ἀν
1008 1048 1094 1135 ῦμεῑς

142 1144 414 1231 ἀποδεξησθεκαί
430 1148 666 1234 πρόςέκαστον
684 1147 771 1235 ἔχητ’
785 1147 936 1235 εόνοίας,
961 1145 1091 1229 οὕτωςὸ

141 1248 248 1330 λέγων
265 1248 355 1325 ἔδοξε
371 1260 520 1331 φρονεῖν.
556 1252 586 1314 εί
602 1245 634 1315 δ
648 1240 712 1316 οῦν
729 1251 795 1315 ἐστι
813 1251 868 1316 καὶ
878 1272 948 1334 παρ
948 1246 1045 1335 ἐμοί
1052 1274 1093 1325 τις

142 1348 294 1432 ἐμπειρία
303 1344 455 1431 τοιαότη,
476 1337 601 1432 ταύτην
612 1347 674 1432 μὲν
685 1343 839 1433 εὑρήσετε
850 1346 976 1427 πάντες
986 1350 1025 1415 ἐν
1035 1360 1093 1423 τοῖς

142 1458 268 1523 κοινοῖς
277 1447 507 1530 ἐξεταζομένην
517 1430 602 1530 ὺπέρ
615 1442 710 1530 ὑμῶν
728 1443 843 1512 ἀείκαὶ
855 1443 1012 1532 οὐδαμοῦ
1024 1440 1090 1513 καθ’

143 1541 241 1629 ὑμῶν
251 1542 324 1612 οὐδ’
339 1549 422 1632 ἰδία,
446 1542 509 1629 τὴν
526 1547 562 1612 δὲ
579 1546 703 1612 τούτου
719 1543 919 1612 τούναντίον
938 1541 982 1612 οῦ
993 1545 1092 1630 μόνον

143 1651 189 1732 τῷ
202 1645 311 1763 λέγειν
321 1641 404 1727 ὑπὲρ
416 1651 483 1712 τῶν
494 1647 635 1731 ἐχθρῶν,
654 1641 737 1711 ἀλλά
749 1645 802 1711 καὶ
813 1653 847 1712 εί
854 1670 902 1723 τις
914 1643 1061 1730 ἐλύπησέ
1067 1669 1092 1709 ιι

144 1751 296 1833 τοῦτονη
284 1737 544 1830 ’προσέκρουσέ
551 1766 628 1829 που,
639 1741 722 1810 κατὰ
733 1743 871 1811 τούτων
903 1741 947 1810 οῦ
959 1740 1026 1829 γάρ
1038 1738 1091 1809 αό-

80 1855 182 1928 είθτη
171 1847 337 1928 δικαίως,
350 1840 424 1908 οὐδ’
436 1839 515 1926 ἐφ’
501 1869 521 1906 α
513 1841 696 1962 συμφέρει
706 1869 746 1929 τη
733 1843 863 1924 ’πόλει,
875 1849 1004 1928 χρῆται
1039 1867 1091 1909 ον

142 1965 177 2006 τε
197 1938 261 2024 γάρ
283 1939 346 2060 την
365 1937 472 2057 οργην
489 1939 565 2006 οότε
582 1966 645 2024 την
666 1939 846 2025 ἐχθραν’
809 1941 870 2010 οότ
875 1939 981 2009 ’ἀλλο
1002 1939 1091 2009 οῦδὲν

142 2063 211 2103 των
227 2037 390 2105 τοιοῦτον
410 2038 472 2106 τόν
492 2035 598 2105 καλὸν
619 2035 776 2123 κάγαθόν
792 2047 934 2127 πολίτην
952 2044 1007 2108 δεῖ
1023 2062 1091 2114 τους

138 2133 225 2218 ’ὑπὲρ
239 2143 307 2203 τῶν
318 2142 442 2203 κοινῶν
454 2136 710 2222 εἰσεληλυθότας
727 2138 882 2218 δικαστὰς
901 2137 1022 2219 ἀξιοῦν
1037 2134 1091 2206 αὑ·

144 2243 191 2326 τῷ
201 2241 372 2322 βεβαιοῦν,
384 2234 460 2304 οὐδ’
472 2233 557 2319 ὑπὲρ
568 2236 697 2304 τούτων
709 2243 754 2315 είς
766 2234 852 2323 ὑμᾶς
864 2241 1018 2324 εἰσιέναι,
1039 2235 1090 2303 ἀλ

142 2335 184 2402 λά
195 2335 338 2421 μάλιστα
354 2336 414 2420 μέν
429 2332 473 2420 μη
491 2339 577 2420 ἔχειν
594 2333 688 2402 ταῦτ’
707 2340 743 2402 ἐν
754 2344 796 2422 τῇ
812 2336 933 2423 φύσει,
957 2343 989 2405 εί
1004 2335 1037 2404 δ’
1048 2330 1087 2416 ἀρ’

40 2464 44 2474 ¹
142 2433 287 2520 ἀνάγκη,
305 2434 418 2516 πρόοις
430 2436 485 2502 καί
503 2440 640 2520 μετρίως
651 2434 825 2519 διακείμεν’
837 2440 934 2519 ἐχειν.
967 2437 1006 2502 ἐν
1016 2439 1090 2502 τίσιν

145 2527 208 2601 οῦν
219 2534 371 2621 σφοδρόν
383 2533 472 2602 εἶναι
483 2532 542 2602 τόν
558 2532 818 2619 πολιτευόμενον
833 2536 888 2601 καί
898 2533 963 2601 τὸν
973 2533 1089 2622 ῥήτορα

143 2636 207 2711 δεῐ;
233 2635 270 2699 ἐν
281 2627 329 2710 οἷς
339 2641 408 2699 τῦν
424 2629 514 2700 όλων
523 2659 554 2699 τι
566 2631 797 2701 κινδυνεύεται
808 2641 849 2720 τῇ
860 2632 974 2717 πόλει,
998 2633 1090 2701 καὶέν

142 2725 190 2805 οἷς
201 2727 285 2813 πρός
295 2728 373 2806 τούς
384 2732 553 2809 ἐναντίους
565 2734 631 2799 ἐστὶ
642 2740 688 2822 τῷ
699 2731 802 2819 δήμῳ,
810 2735 845 2799 ἐν
856 2732 1006 2810 τούτοις·
1017 2737 1090 2800 ταῦ-

143 2852 183 2892 τα
193 2824 258 2910 γάρ
270 2833 431 2910 γενναίου
442 2829 495 2894 καὶ
507 2826 642 2913 ἀγαθοῦ
652 2837 798 2899 πολίτου.
822 2829 966 2917 μηδενός
979 2833 1015 2899 δὲ
1027 2828 1090 2897 ἀδι·

79 2943 132 2998 279
143 2926 288 3012 κη’ματος
304 2926 436 2993 ποτ’ποτε
454 2931 628 3013 δημοσίου,
651 2930 835 3016 προσθήσω
854 2929 890 2997 δὲ
907 2928 989 3016 μηδ’
1002 2934 1089 3011 ἰδίου,
1097 2937 1132 2994 319

143 3029 239 3110 δίκην
256 3023 441 3105 ἀξιώσαντα
457 3035 573 3115 λαβεῖν
589 3025 663 3112 παρ’
677 3032 759 3115 ἐμοῦ
776 3027 854 3115 μήθ’
867 3027 955 3111 ὑπὲρ
967 3036 1025 3115 τῆς
1037 3025 1092 3094 πό·

142 3133 224 3202 λεως
234 3124 315 3211 μήθ’
325 3122 408 3213 ὑπὲρ
421 3124 537 3212 αὑτοῦ,
557 3127 725 3213 στεφάνου
736 3130 790 3194 καί
801 3130 944 3195 ἐπαίνου
955 3149 1091 3212 κατηγο

141 3234 216 3311 ριάν
232 3223 328 3310 ἥκειν
344 3229 669 3312 συνεσκευασμένον,
692 3229 747 3294 καὶ
763 3230 962 3294 τοσουτουσὶ
980 3226 1093 3312 λόγους

141 3322 349 3411 ἀνηλωκέναι
360 3329 444 3402 ίδίας
455 3331 577 3412 ἔχθρας
588 3327 641 3393 καὶ
661 3326 799 3410 φθόνου
810 3326 866 3392 καὶ
876 3331 1091 3410 μικροψυχίας

140 3426 206 3490 ἐστὶ
219 3437 365 3508 σημεῖον,
378 3421 517 3502 οὐδενός
526 3433 679 3510 χρηστοῦ.
706 3424 743 3492 τό
757 3423 793 3492 δέ
805 3422 846 3510 δὴ
857 3425 913 3490 καὶ
923 3422 1004 3502 τοῦς
1015 3419 1091 3508 πρός
