<?xml version="1.0" encoding="UTF-8"?>
<!DOCTYPE html PUBLIC "-//W3C//DTD XHTML 1.0 Transitional//EN"
    "http://www.w3.org/TR/xhtml1/DTD/xhtml1-transitional.dtd">
<html xmlns="http://www.w3.org/1999/xhtml" xml:lang="en" lang="en">
 <head>
  <title>
</title>
<meta http-equiv="Content-Type" content="text/html;charset=utf-8" />
  <meta name='ocr-system' content='tesseract 3.04.00' />
  <meta name='ocr-capabilities' content='ocr_page ocr_carea ocr_par ocr_line ocrx_word'/>
</head>
<body>
  <div class='ocr_page' id='page_1' title='image "./orationesexrece03demogoog_0150.png"; bbox 0 0 2340 3894; ppageno 0'>
   <div class='ocr_carea' id='block_1_1' title="bbox 246 175 1068 273">
    <p class='ocr_par' dir='ltr' id='par_1_1' title="bbox 246 175 1068 273">
     <span class='ocr_line' id='line_1_1' title="bbox 246 175 1068 273; baseline 0.01 -18"><span class='ocrx_word' id='word_1_1' title='bbox 246 175 249 183; x_wconf 87' lang='lat'>&#39;</span> <span class='ocrx_word' id='word_1_2' title='bbox 345 193 831 261; x_wconf 74' lang='grc' dir='ltr'><strong><em>-οΛεΝοιΑιιοεε,</em></strong></span> <span class='ocrx_word' id='word_1_3' title='bbox 1027 197 1068 273; x_wconf 78' lang='lat'><strong><em>2³</em></strong></span> 
     </span>
    </p>
   </div>
   <div class='ocr_carea' id='block_1_2' title="bbox 72 355 1159 3480">
    <p class='ocr_par' dir='ltr' id='par_1_2' title="bbox 72 355 1159 3480">
     <span class='ocr_line' id='line_1_2' title="bbox 112 355 1067 440; baseline 0.003 -17"><span class='ocrx_word' id='word_1_4' title='bbox 112 355 225 424; x_wconf 84' lang='grc' dir='ltr'><strong><em>ὄντων</em></strong></span> <span class='ocrx_word' id='word_1_5' title='bbox 240 355 297 421; x_wconf 75' lang='grc' dir='ltr'><strong><em>καὶ</em></strong></span> <span class='ocrx_word' id='word_1_6' title='bbox 312 357 473 437; x_wconf 74' lang='grc' dir='ltr'><strong><em>περὶτῶν</em></strong></span> <span class='ocrx_word' id='word_1_7' title='bbox 493 361 686 440; x_wconf 70' lang='grc' dir='ltr'><strong><em>στρατηγῶν</em></strong></span> <span class='ocrx_word' id='word_1_8' title='bbox 710 360 828 435; x_wconf 85' lang='grc' dir='ltr'><strong><em>εἰπεῑν;</em></strong></span> <span class='ocrx_word' id='word_1_9' title='bbox 849 357 900 426; x_wconf 84' lang='grc' dir='ltr'><strong><em>ὅτι</em></strong></span> <span class='ocrx_word' id='word_1_10' title='bbox 920 364 1067 429; x_wconf 81' lang='grc' dir='ltr'><strong><em>ἐνταῦθα</em></strong></span> 
     </span>
     <span class='ocr_line' id='line_1_3' title="bbox 112 443 1066 542; baseline 0.005 -22"><span class='ocrx_word' id='word_1_11' title='bbox 112 455 174 539; x_wconf 85' lang='grc' dir='ltr'><strong><em>μέν</em></strong></span> <span class='ocrx_word' id='word_1_12' title='bbox 186 448 306 519; x_wconf 80' lang='grc' dir='ltr'><strong><em>ἐστιτὰ</em></strong></span> <span class='ocrx_word' id='word_1_13' title='bbox 317 443 422 536; x_wconf 79' lang='grc' dir='ltr'><strong><em>ἆθλα,</em></strong></span> <span class='ocrx_word' id='word_1_14' title='bbox 440 447 525 535; x_wconf 79' lang='grc' dir='ltr'><strong><em>ὑπὲρ</em></strong></span> <span class='ocrx_word' id='word_1_15' title='bbox 544 444 592 518; x_wconf 84' lang='grc' dir='ltr'><strong><em>ῶν</em></strong></span> <span class='ocrx_word' id='word_1_16' title='bbox 608 450 727 521; x_wconf 85' lang='grc' dir='ltr'><strong><em>ἐστινὸ</em></strong></span> <span class='ocrx_word' id='word_1_17' title='bbox 745 453 896 542; x_wconf 86' lang='grc' dir='ltr'><strong><em>πόλεμος,</em></strong></span> <span class='ocrx_word' id='word_1_18' title='bbox 908 453 1066 542; x_wconf 81' lang='grc' dir='ltr'><strong><em>ύμέτερα·</em></strong></span> 
     </span>
     <span class='ocr_line' id='line_1_4' title="bbox 110 544 1066 638; baseline 0.005 -21"><span class='ocrx_word' id='word_1_19' title='bbox 110 548 327 635; x_wconf 79' lang='grc' dir='ltr'><strong><em>Ἀμφίπολιν,</em></strong></span> <span class='ocrx_word' id='word_1_20' title='bbox 338 544 405 616; x_wconf 83' lang='grc' dir='ltr'><strong><em>κάν</em></strong></span> <span class='ocrx_word' id='word_1_21' title='bbox 414 558 531 636; x_wconf 72' lang='grc' dir='ltr'><strong><em>ληφθῇ</em></strong></span> <span class='ocrx_word' id='word_1_22' title='bbox 536 600 546 635; x_wconf 95' lang='grc'><strong><em>,</em></strong></span> <span class='ocrx_word' id='word_1_23' title='bbox 564 559 761 636; x_wconf 84' lang='grc' dir='ltr'><strong><em>παραχρῆμα</em></strong></span> <span class='ocrx_word' id='word_1_24' title='bbox 779 549 871 637; x_wconf 81' lang='grc' dir='ltr'><em>ὑμεῖς</em></span> <span class='ocrx_word' id='word_1_25' title='bbox 882 562 1066 638; x_wconf 74' lang='grc' dir='ltr'><em>κομιεῖσθε·</em></span> 
     </span>
     <span class='ocr_line' id='line_1_5' title="bbox 114 647 1067 736; baseline 0.006 -22"><span class='ocrx_word' id='word_1_26' title='bbox 114 652 149 715; x_wconf 84' lang='grc' dir='ltr'><strong><em>οί</em></strong></span> <span class='ocrx_word' id='word_1_27' title='bbox 163 647 201 715; x_wconf 72' lang='grc' dir='ltr'><strong><em>δὲ</em></strong></span> <span class='ocrx_word' id='word_1_28' title='bbox 216 652 371 714; x_wconf 77' lang='grc' dir='ltr'><strong><em>κίνδυνοι</em></strong></span> <span class='ocrx_word' id='word_1_29' title='bbox 386 655 455 715; x_wconf 89' lang='grc' dir='ltr'><strong><em>τῶν</em></strong></span> <span class='ocrx_word' id='word_1_30' title='bbox 471 647 701 733; x_wconf 79' lang='grc' dir='ltr'><strong><em>ἐφεστηκότων</em></strong></span> <span class='ocrx_word' id='word_1_31' title='bbox 711 653 805 733; x_wconf 86' lang='grc' dir='ltr'><strong><em>ἰδιοι,</em></strong></span> <span class='ocrx_word' id='word_1_32' title='bbox 827 649 949 736; x_wconf 86' lang='grc' dir='ltr'><strong><em>μισθός</em></strong></span> <span class='ocrx_word' id='word_1_33' title='bbox 959 650 990 718; x_wconf 92' lang='grc' dir='ltr'><strong><em>δ’</em></strong></span> <span class='ocrx_word' id='word_1_34' title='bbox 1004 648 1067 720; x_wconf 86' lang='grc' dir='ltr'><strong><em>οῦκ</em></strong></span> 
     </span>
     <span class='ocr_line' id='line_1_6' title="bbox 113 745 1067 834; baseline 0.002 -19"><span class='ocrx_word' id='word_1_35' title='bbox 113 752 218 815; x_wconf 82' lang='grc' dir='ltr'><strong><em>ἐστιν·</em></strong></span> <span class='ocrx_word' id='word_1_36' title='bbox 240 748 309 812; x_wconf 79' lang='grc' dir='ltr'><strong><em>ἐκεῖ</em></strong></span> <span class='ocrx_word' id='word_1_37' title='bbox 322 746 358 813; x_wconf 72' lang='grc' dir='ltr'><strong><em>δὲ</em></strong></span> <span class='ocrx_word' id='word_1_38' title='bbox 379 751 530 813; x_wconf 76' lang='grc' dir='ltr'><strong><em>κίνδυνοι</em></strong></span> <span class='ocrx_word' id='word_1_39' title='bbox 551 745 612 830; x_wconf 70' lang='grc' dir='ltr'><strong><em>μὲν</em></strong></span> <span class='ocrx_word' id='word_1_40' title='bbox 629 746 791 832; x_wconf 78' lang='grc' dir='ltr'><strong><em>ἐλάττους,</em></strong></span> <span class='ocrx_word' id='word_1_41' title='bbox 805 748 845 814; x_wconf 83' lang='grc' dir='ltr'><strong><em>τά</em></strong></span> <span class='ocrx_word' id='word_1_42' title='bbox 863 747 899 817; x_wconf 72' lang='grc' dir='ltr'><strong><em>δέ</em></strong></span> <span class='ocrx_word' id='word_1_43' title='bbox 915 748 1067 834; x_wconf 82' lang='grc' dir='ltr'><strong><em>λήμματα</em></strong></span> 
     </span>
     <span class='ocr_line' id='line_1_7' title="bbox 112 842 1065 933; baseline 0.002 -19"><span class='ocrx_word' id='word_1_44' title='bbox 112 851 182 914; x_wconf 88' lang='grc' dir='ltr'><strong><em>τῶν</em></strong></span> <span class='ocrx_word' id='word_1_45' title='bbox 203 842 433 930; x_wconf 77' lang='grc' dir='ltr'><strong><em>ἐφεστηκότων</em></strong></span> <span class='ocrx_word' id='word_1_46' title='bbox 454 846 597 911; x_wconf 79' lang='grc' dir='ltr'><strong><em>καὶτῶν</em></strong></span> <span class='ocrx_word' id='word_1_47' title='bbox 617 852 843 930; x_wconf 88' lang='grc' dir='ltr'><strong><em>στρατιωτῶν,</em></strong></span> <span class='ocrx_word' id='word_1_48' title='bbox 871 846 1065 933; x_wconf 81' lang='grc' dir='ltr'><strong><em>Λάμψακος,</em></strong></span> 
     </span>
     <span class='ocr_line' id='line_1_8' title="bbox 113 935 1066 1026; baseline 0.001 -17"><span class='ocrx_word' id='word_1_49' title='bbox 113 948 261 1026; x_wconf 76' lang='grc' dir='ltr'><strong><em>Σίγειον,</em></strong></span> <span class='ocrx_word' id='word_1_50' title='bbox 282 938 323 1008; x_wconf 83' lang='grc' dir='ltr'><strong><em>τά</em></strong></span> <span class='ocrx_word' id='word_1_51' title='bbox 344 950 441 1009; x_wconf 79' lang='grc' dir='ltr'><strong><em>πλοῖα</em></strong></span> <span class='ocrx_word' id='word_1_52' title='bbox 460 938 483 1008; x_wconf 79' lang='grc' dir='ltr'><strong><em>οἳ</em></strong></span> <span class='ocrx_word' id='word_1_53' title='bbox 504 949 657 1009; x_wconf 78' lang='grc' dir='ltr'><strong><em>συλῶσιν.</em></strong></span> <span class='ocrx_word' id='word_1_54' title='bbox 690 939 735 1008; x_wconf 90' lang='grc' dir='ltr'><strong><em>ἐπ’</em></strong></span> <span class='ocrx_word' id='word_1_55' title='bbox 749 935 811 1011; x_wconf 84' lang='grc' dir='ltr'><strong><em>ούυ</em></strong></span> <span class='ocrx_word' id='word_1_56' title='bbox 821 941 859 1012; x_wconf 83' lang='grc' dir='ltr'><strong><em>τό</em></strong></span> <span class='ocrx_word' id='word_1_57' title='bbox 869 953 1066 1013; x_wconf 88' lang='grc' dir='ltr'><strong><em>λυσιτελοῦν</em></strong></span> 
     </span>
     <span class='ocr_line' id='line_1_9' title="bbox 75 1037 1065 1127; baseline -0.003 -15"><span class='ocrx_word' id='word_1_58' title='bbox 75 1037 370 1118; x_wconf 67' lang='grc' dir='ltr'><strong><em>θθαύτοϊςέκαστοι</em></strong></span> <span class='ocrx_word' id='word_1_59' title='bbox 384 1047 560 1125; x_wconf 80' lang='grc' dir='ltr'><strong><em>χωροῦσιν.</em></strong></span> <span class='ocrx_word' id='word_1_60' title='bbox 594 1037 687 1125; x_wconf 79' lang='grc' dir='ltr'><strong><em>ὑμεῖς</em></strong></span> <span class='ocrx_word' id='word_1_61' title='bbox 708 1041 753 1127; x_wconf 75' lang='grc' dir='ltr'><strong><em>δὲ,</em></strong></span> <span class='ocrx_word' id='word_1_62' title='bbox 776 1040 858 1109; x_wconf 85' lang='grc' dir='ltr'><strong><em>όταν</em></strong></span> <span class='ocrx_word' id='word_1_63' title='bbox 877 1042 938 1127; x_wconf 79' lang='grc' dir='ltr'><strong><em>μὲν</em></strong></span> <span class='ocrx_word' id='word_1_64' title='bbox 960 1048 1005 1120; x_wconf 90' lang='grc' dir='ltr'><strong><em>εἰς</em></strong></span> <span class='ocrx_word' id='word_1_65' title='bbox 1025 1041 1065 1109; x_wconf 85' lang='grc' dir='ltr'><strong><em>τά</em></strong></span> 
     </span>
     <span class='ocr_line' id='line_1_10' title="bbox 113 1135 1065 1231; baseline 0.004 -27"><span class='ocrx_word' id='word_1_66' title='bbox 113 1138 292 1231; x_wconf 86' lang='grc' dir='ltr'><strong><em>πράγματα</em></strong></span> <span class='ocrx_word' id='word_1_67' title='bbox 310 1135 517 1224; x_wconf 75' lang='grc' dir='ltr'><strong><em>ἀποβλέψητε</em></strong></span> <span class='ocrx_word' id='word_1_68' title='bbox 535 1136 671 1223; x_wconf 82' lang='grc' dir='ltr'><strong><em>φαύλως</em></strong></span> <span class='ocrx_word' id='word_1_69' title='bbox 686 1144 812 1224; x_wconf 79' lang='grc' dir='ltr'><strong><em>ἔχοντα,</em></strong></span> <span class='ocrx_word' id='word_1_70' title='bbox 830 1138 909 1218; x_wconf 88' lang='grc' dir='ltr'><strong><em>τοῦς</em></strong></span> <span class='ocrx_word' id='word_1_71' title='bbox 926 1145 1065 1227; x_wconf 87' lang='grc' dir='ltr'><strong><em>ἐφεστη-</em></strong></span> 
     </span>
     <span class='ocr_line' id='line_1_11' title="bbox 112 1234 1067 1322; baseline 0.003 -19"><span class='ocrx_word' id='word_1_72' title='bbox 112 1236 213 1314; x_wconf 86' lang='grc' dir='ltr'><strong><em>κότας</em></strong></span> <span class='ocrx_word' id='word_1_73' title='bbox 221 1234 1067 1322; x_wconf 72' lang='grc' dir='ltr'><strong><em>κρίνετε,ότανδέδόντεςλόγοντάςάνάγκαςάκού-</em></strong></span> 
     </span>
     <span class='ocr_line' id='line_1_12' title="bbox 112 1327 1066 1421; baseline 0.003 -21"><span class='ocrx_word' id='word_1_74' title='bbox 112 1354 191 1418; x_wconf 86' lang='grc' dir='ltr'><strong><em>σητε</em></strong></span> <span class='ocrx_word' id='word_1_75' title='bbox 211 1330 343 1416; x_wconf 86' lang='grc' dir='ltr'><strong><em>ταύτας,</em></strong></span> <span class='ocrx_word' id='word_1_76' title='bbox 362 1327 483 1419; x_wconf 85' lang='grc' dir='ltr'><strong><em>άφίετε.</em></strong></span> <span class='ocrx_word' id='word_1_77' title='bbox 518 1339 662 1419; x_wconf 88' lang='grc' dir='ltr'><strong><em>περίεστι</em></strong></span> <span class='ocrx_word' id='word_1_78' title='bbox 682 1339 798 1401; x_wconf 85' lang='grc' dir='ltr'><strong><em>τοίνυν</em></strong></span> <span class='ocrx_word' id='word_1_79' title='bbox 817 1331 897 1420; x_wconf 76' lang='grc' dir='ltr'><strong><em>ύμῖν</em></strong></span> <span class='ocrx_word' id='word_1_80' title='bbox 914 1333 1066 1421; x_wconf 86' lang='grc' dir='ltr'><strong><em>άλλήλοις</em></strong></span> 
     </span>
     <span class='ocr_line' id='line_1_13' title="bbox 113 1430 1065 1525; baseline 0.002 -28"><span class='ocrx_word' id='word_1_81' title='bbox 113 1433 232 1515; x_wconf 79' lang='grc' dir='ltr'><strong><em>ἐρίζειν</em></strong></span> <span class='ocrx_word' id='word_1_82' title='bbox 252 1431 309 1497; x_wconf 81' lang='grc' dir='ltr'><strong><em>καί</em></strong></span> <span class='ocrx_word' id='word_1_83' title='bbox 329 1431 508 1517; x_wconf 87' lang='grc' dir='ltr'><strong><em>διεστάναι,</em></strong></span> <span class='ocrx_word' id='word_1_84' title='bbox 530 1445 598 1509; x_wconf 81' lang='grc' dir='ltr'><strong><em>τοῖς</em></strong></span> <span class='ocrx_word' id='word_1_85' title='bbox 618 1430 679 1517; x_wconf 68' lang='grc' dir='ltr'><strong><em>μὲν</em></strong></span> <span class='ocrx_word' id='word_1_86' title='bbox 698 1440 802 1498; x_wconf 88' lang='grc' dir='ltr'><strong><em>ταῦτα</em></strong></span> <span class='ocrx_word' id='word_1_87' title='bbox 827 1438 1065 1525; x_wconf 76' lang='grc' dir='ltr'><strong><em>πεπεισμένοις,</em></strong></span> 
     </span>
     <span class='ocr_line' id='line_1_14' title="bbox 115 1526 1067 1616; baseline 0.005 -21"><span class='ocrx_word' id='word_1_88' title='bbox 115 1542 183 1606; x_wconf 79' lang='grc' dir='ltr'><strong><em>τοίς</em></strong></span> <span class='ocrx_word' id='word_1_89' title='bbox 203 1527 241 1595; x_wconf 76' lang='grc' dir='ltr'><strong><em>δδ</em></strong></span> <span class='ocrx_word' id='word_1_90' title='bbox 261 1534 381 1615; x_wconf 88' lang='grc' dir='ltr'><strong><em>ταῦτα,</em></strong></span> <span class='ocrx_word' id='word_1_91' title='bbox 402 1526 443 1597; x_wconf 84' lang='grc' dir='ltr'><strong><em>τά</em></strong></span> <span class='ocrx_word' id='word_1_92' title='bbox 460 1529 557 1598; x_wconf 84' lang='grc' dir='ltr'><strong><em>κοινά</em></strong></span> <span class='ocrx_word' id='word_1_93' title='bbox 575 1526 605 1596; x_wconf 89' lang='grc' dir='ltr'><strong><em>δ’</em></strong></span> <span class='ocrx_word' id='word_1_94' title='bbox 622 1534 708 1616; x_wconf 84' lang='grc' dir='ltr'><strong><em>ἐχειν</em></strong></span> <span class='ocrx_word' id='word_1_95' title='bbox 724 1528 868 1615; x_wconf 89' lang='grc' dir='ltr'><strong><em>φαύλως.</em></strong></span> <span class='ocrx_word' id='word_1_96' title='bbox 901 1531 1067 1616; x_wconf 90' lang='grc' dir='ltr'><strong><em>πρότερον</em></strong></span> 
     </span>
     <span class='ocr_line' id='line_1_15' title="bbox 114 1617 1066 1716; baseline 0.004 -23"><span class='ocrx_word' id='word_1_97' title='bbox 114 1625 260 1711; x_wconf 76' lang='grc' dir='ltr'><strong><em>μὲνγὰρ,</em></strong></span> <span class='ocrx_word' id='word_1_98' title='bbox 274 1617 432 1712; x_wconf 80' lang='grc' dir='ltr'><strong><em>ῶάνδρες</em></strong></span> <span class='ocrx_word' id='word_1_99' title='bbox 443 1625 615 1714; x_wconf 72' lang='grc' dir='ltr'><strong><em>Ἀθηναῖοι</em></strong></span> <span class='ocrx_word' id='word_1_100' title='bbox 620 1664 629 1712; x_wconf 75' lang='grc'><strong><em>,</em></strong></span> <span class='ocrx_word' id='word_1_101' title='bbox 649 1634 832 1716; x_wconf 79' lang='grc' dir='ltr'><strong><em>εἰσεφέρετε</em></strong></span> <span class='ocrx_word' id='word_1_102' title='bbox 842 1629 925 1696; x_wconf 85' lang='grc' dir='ltr'><strong><em>κατά</em></strong></span> <span class='ocrx_word' id='word_1_103' title='bbox 938 1651 1066 1716; x_wconf 83' lang='grc' dir='ltr'><strong><em>συμμο-</em></strong></span> 
     </span>
     <span class='ocr_line' id='line_1_16' title="bbox 114 1723 1066 1815; baseline 0.008 -26"><span class='ocrx_word' id='word_1_104' title='bbox 114 1729 203 1809; x_wconf 80' lang='grc' dir='ltr'><strong><em>ρίαις,</em></strong></span> <span class='ocrx_word' id='word_1_105' title='bbox 227 1724 307 1808; x_wconf 70' lang='grc' dir='ltr'><strong><em>νυνί</em></strong></span> <span class='ocrx_word' id='word_1_106' title='bbox 324 1723 361 1791; x_wconf 73' lang='grc' dir='ltr'><strong><em>δε</em></strong></span> <span class='ocrx_word' id='word_1_107' title='bbox 381 1724 596 1793; x_wconf 86' lang='grc' dir='ltr'><strong><em>πολιτεύεσθε</em></strong></span> <span class='ocrx_word' id='word_1_108' title='bbox 618 1725 702 1794; x_wconf 83' lang='grc' dir='ltr'><strong><em>κατὰ</em></strong></span> <span class='ocrx_word' id='word_1_109' title='bbox 724 1734 916 1813; x_wconf 87' lang='grc' dir='ltr'><strong><em>συμμορίας.</em></strong></span> <span class='ocrx_word' id='word_1_110' title='bbox 955 1729 1066 1815; x_wconf 82' lang='grc' dir='ltr'><strong><em>ῥήτωρ</em></strong></span> 
     </span>
     <span class='ocr_line' id='line_1_17' title="bbox 114 1817 1068 1916; baseline 0.007 -28"><span class='ocrx_word' id='word_1_111' title='bbox 114 1817 248 1906; x_wconf 81' lang='grc' dir='ltr'><strong><em>ἡγεμῶν</em></strong></span> <span class='ocrx_word' id='word_1_112' title='bbox 265 1821 445 1909; x_wconf 80' lang='grc' dir='ltr'><strong><em>ἑκατέρων,</em></strong></span> <span class='ocrx_word' id='word_1_113' title='bbox 464 1826 520 1892; x_wconf 87' lang='grc' dir='ltr'><strong><em>καί</em></strong></span> <span class='ocrx_word' id='word_1_114' title='bbox 537 1823 718 1912; x_wconf 85' lang='grc' dir='ltr'><strong><em>στρατηγός</em></strong></span> <span class='ocrx_word' id='word_1_115' title='bbox 737 1822 801 1894; x_wconf 86' lang='grc' dir='ltr'><strong><em>ὑπό</em></strong></span> <span class='ocrx_word' id='word_1_116' title='bbox 819 1828 944 1916; x_wconf 78' lang='grc' dir='ltr'><strong><em>τούτῳ,</em></strong></span> <span class='ocrx_word' id='word_1_117' title='bbox 962 1829 1017 1895; x_wconf 84' lang='grc' dir='ltr'><strong><em>καί</em></strong></span> <span class='ocrx_word' id='word_1_118' title='bbox 1034 1831 1068 1895; x_wconf 87' lang='grc' dir='ltr'><strong><em>οἰ</em></strong></span> 
     </span>
     <span class='ocr_line' id='line_1_18' title="bbox 113 1918 1066 2012; baseline 0.008 -27"><span class='ocrx_word' id='word_1_119' title='bbox 113 1918 314 2006; x_wconf 82' lang='grc' dir='ltr'><strong><em>βοησόμενοι</em></strong></span> <span class='ocrx_word' id='word_1_120' title='bbox 334 1919 531 2007; x_wconf 90' lang='grc' dir='ltr'><strong><em>τριακόσιοι·</em></strong></span> <span class='ocrx_word' id='word_1_121' title='bbox 564 1926 598 1990; x_wconf 84' lang='grc' dir='ltr'><strong><em>οἰ</em></strong></span> <span class='ocrx_word' id='word_1_122' title='bbox 618 1919 651 1990; x_wconf 90' lang='grc' dir='ltr'><strong><em>δ’</em></strong></span> <span class='ocrx_word' id='word_1_123' title='bbox 673 1922 767 1992; x_wconf 82' lang='grc' dir='ltr'><strong><em>άλλοι</em></strong></span> <span class='ocrx_word' id='word_1_124' title='bbox 795 1928 1066 2012; x_wconf 81' lang='grc' dir='ltr'><strong><em>προσνενέμησθε</em></strong></span> 
     </span>
     <span class='ocr_line' id='line_1_19' title="bbox 77 2013 1064 2109; baseline 0.005 -23"><span class='ocrx_word' id='word_1_125' title='bbox 77 2023 147 2094; x_wconf 71' lang='grc' dir='ltr'><strong><em>εοοί</em></strong></span> <span class='ocrx_word' id='word_1_126' title='bbox 154 2019 218 2105; x_wconf 69' lang='grc' dir='ltr'><strong><em>μὲν</em></strong></span> <span class='ocrx_word' id='word_1_127' title='bbox 228 2016 273 2098; x_wconf 83' lang='grc' dir='ltr'><strong><em>ῶς</em></strong></span> <span class='ocrx_word' id='word_1_128' title='bbox 288 2019 446 2105; x_wconf 81' lang='grc' dir='ltr'><strong><em>τούτους,</em></strong></span> <span class='ocrx_word' id='word_1_129' title='bbox 467 2025 502 2088; x_wconf 85' lang='grc' dir='ltr'><strong><em>οί</em></strong></span> <span class='ocrx_word' id='word_1_130' title='bbox 519 2021 556 2090; x_wconf 77' lang='grc' dir='ltr'><strong><em>δδ</em></strong></span> <span class='ocrx_word' id='word_1_131' title='bbox 573 2020 618 2100; x_wconf 83' lang='grc' dir='ltr'><strong><em>ῶς</em></strong></span> <span class='ocrx_word' id='word_1_132' title='bbox 637 2025 792 2101; x_wconf 84' lang='grc' dir='ltr'><strong><em>ἐκείνους,</em></strong></span> <span class='ocrx_word' id='word_1_133' title='bbox 828 2028 880 2091; x_wconf 67' lang='grc' dir='ltr'><strong><em>δει*</em></strong></span> <span class='ocrx_word' id='word_1_134' title='bbox 897 2013 948 2109; x_wconf 66' lang='grc' dir='ltr'><strong><em>δύ’</em></strong></span> <span class='ocrx_word' id='word_1_135' title='bbox 960 2030 1064 2092; x_wconf 87' lang='grc' dir='ltr'><strong><em>ταῦτα</em></strong></span> 
     </span>
     <span class='ocr_line' id='line_1_20' title="bbox 112 2116 1064 2205; baseline 0.004 -19"><span class='ocrx_word' id='word_1_136' title='bbox 112 2120 293 2198; x_wconf 76' lang='grc' dir='ltr'><strong><em>ἐπανέντας</em></strong></span> <span class='ocrx_word' id='word_1_137' title='bbox 308 2122 367 2187; x_wconf 79' lang='grc' dir='ltr'><strong><em>καί</em></strong></span> <span class='ocrx_word' id='word_1_138' title='bbox 387 2116 482 2204; x_wconf 80' lang='grc' dir='ltr'><strong><em>ὑμῶν</em></strong></span> <span class='ocrx_word' id='word_1_139' title='bbox 503 2116 616 2187; x_wconf 79' lang='grc' dir='ltr'><strong><em>αὐτῶν</em></strong></span> <span class='ocrx_word' id='word_1_140' title='bbox 635 2125 682 2187; x_wconf 75' lang='grc' dir='ltr'><strong><em>ἔτι</em></strong></span> <span class='ocrx_word' id='word_1_141' title='bbox 701 2123 756 2187; x_wconf 81' lang='grc' dir='ltr'><strong><em>καὶ</em></strong></span> <span class='ocrx_word' id='word_1_142' title='bbox 775 2129 841 2189; x_wconf 89' lang='grc' dir='ltr'><strong><em>νῦν</em></strong></span> <span class='ocrx_word' id='word_1_143' title='bbox 864 2123 1064 2205; x_wconf 88' lang='grc' dir='ltr'><strong><em>γενομένους</em></strong></span> 
     </span>
     <span class='ocr_line' id='line_1_21' title="bbox 113 2213 1063 2305; baseline 0.002 -21"><span class='ocrx_word' id='word_1_144' title='bbox 113 2214 296 2285; x_wconf 84' lang='grc' dir='ltr'><strong><em>κοινδνκαί</em></strong></span> <span class='ocrx_word' id='word_1_145' title='bbox 306 2213 345 2284; x_wconf 83' lang='grc' dir='ltr'><strong><em>τό</em></strong></span> <span class='ocrx_word' id='word_1_146' title='bbox 356 2220 464 2301; x_wconf 83' lang='grc' dir='ltr'><strong><em>λέγειν</em></strong></span> <span class='ocrx_word' id='word_1_147' title='bbox 474 2219 529 2285; x_wconf 77' lang='grc' dir='ltr'><strong><em>καὶ</em></strong></span> <span class='ocrx_word' id='word_1_148' title='bbox 539 2214 576 2285; x_wconf 86' lang='grc' dir='ltr'><strong><em>τό</em></strong></span> <span class='ocrx_word' id='word_1_149' title='bbox 594 2219 817 2305; x_wconf 83' lang='grc' dir='ltr'><strong><em>βουλεύεσθαι</em></strong></span> <span class='ocrx_word' id='word_1_150' title='bbox 833 2221 889 2286; x_wconf 84' lang='grc' dir='ltr'><strong><em>καί</em></strong></span> <span class='ocrx_word' id='word_1_151' title='bbox 907 2217 943 2286; x_wconf 84' lang='grc' dir='ltr'><strong><em>τό</em></strong></span> <span class='ocrx_word' id='word_1_152' title='bbox 958 2220 1063 2303; x_wconf 86' lang='grc' dir='ltr'><strong><em>πράτ-</em></strong></span> 
     </span>
     <span class='ocr_line' id='line_1_22' title="bbox 112 2314 1108 2402; baseline 0.002 -18"><span class='ocrx_word' id='word_1_153' title='bbox 112 2340 180 2384; x_wconf 86' lang='grc' dir='ltr'><strong><em>τειν</em></strong></span> <span class='ocrx_word' id='word_1_154' title='bbox 190 2322 335 2402; x_wconf 80' lang='grc' dir='ltr'><strong><em>ποιῆσαι.</em></strong></span> <span class='ocrx_word' id='word_1_155' title='bbox 358 2320 389 2383; x_wconf 91' lang='grc' dir='ltr'><strong><em>εἰ</em></strong></span> <span class='ocrx_word' id='word_1_156' title='bbox 398 2315 433 2383; x_wconf 77' lang='grc' dir='ltr'><strong><em>δέ</em></strong></span> <span class='ocrx_word' id='word_1_157' title='bbox 443 2329 510 2394; x_wconf 78' lang='grc' dir='ltr'><strong><em>τοῖς</em></strong></span> <span class='ocrx_word' id='word_1_158' title='bbox 520 2316 582 2401; x_wconf 74' lang='grc' dir='ltr'><strong><em>μέν</em></strong></span> <span class='ocrx_word' id='word_1_159' title='bbox 593 2314 703 2399; x_wconf 83' lang='grc' dir='ltr'><strong><em>ῶσπερ</em></strong></span> <span class='ocrx_word' id='word_1_160' title='bbox 715 2319 751 2384; x_wconf 91' lang='grc' dir='ltr'><strong><em>ἐκ</em></strong></span> <span class='ocrx_word' id='word_1_161' title='bbox 761 2322 959 2399; x_wconf 90' lang='grc' dir='ltr'><strong><em>τυραννίδος</em></strong></span> <span class='ocrx_word' id='word_1_162' title='bbox 968 2314 1064 2400; x_wconf 89' lang='grc' dir='ltr'><strong><em>ύμῶν</em></strong></span> <span class='ocrx_word' id='word_1_163' title='bbox 1074 2331 1108 2386; x_wconf 73' lang='lat'><strong><em>27</em></strong></span> 
     </span>
     <span class='ocr_line' id='line_1_23' title="bbox 112 2409 1064 2500; baseline 0.001 -21"><span class='ocrx_word' id='word_1_164' title='bbox 112 2413 297 2481; x_wconf 83' lang='grc' dir='ltr'><strong><em>ἐπιτάττειν</em></strong></span> <span class='ocrx_word' id='word_1_165' title='bbox 306 2409 512 2497; x_wconf 86' lang='grc' dir='ltr'><strong><em>άποδῶσετε,</em></strong></span> <span class='ocrx_word' id='word_1_166' title='bbox 530 2426 598 2490; x_wconf 81' lang='grc' dir='ltr'><strong><em>τοῖς</em></strong></span> <span class='ocrx_word' id='word_1_167' title='bbox 609 2410 640 2480; x_wconf 87' lang='grc' dir='ltr'><strong><em>δ’</em></strong></span> <span class='ocrx_word' id='word_1_168' title='bbox 653 2412 897 2498; x_wconf 73' lang='grc' dir='ltr'><strong><em>ἀναγκάζεσθαι</em></strong></span> <span class='ocrx_word' id='word_1_169' title='bbox 906 2439 1064 2500; x_wconf 88' lang='grc' dir='ltr'><strong><em>τριηραρ-</em></strong></span> 
     </span>
     <span class='ocr_line' id='line_1_24' title="bbox 109 2509 1063 2599; baseline 0.002 -22"><span class='ocrx_word' id='word_1_170' title='bbox 109 2524 190 2596; x_wconf 80' lang='grc' dir='ltr'><strong><em>χεῖν,</em></strong></span> <span class='ocrx_word' id='word_1_171' title='bbox 200 2511 378 2596; x_wconf 81' lang='grc' dir='ltr'><strong><em>εἰσφέρειν,</em></strong></span> <span class='ocrx_word' id='word_1_172' title='bbox 390 2510 641 2598; x_wconf 86' lang='grc' dir='ltr'><strong><em>στρατεύεσθαι,</em></strong></span> <span class='ocrx_word' id='word_1_173' title='bbox 648 2526 715 2590; x_wconf 81' lang='grc' dir='ltr'><strong><em>τοῖς</em></strong></span> <span class='ocrx_word' id='word_1_174' title='bbox 727 2511 762 2580; x_wconf 76' lang='grc' dir='ltr'><strong><em>δέ</em></strong></span> <span class='ocrx_word' id='word_1_175' title='bbox 773 2517 973 2599; x_wconf 74' lang='grc' dir='ltr'><strong><em>ψηφίζεσθαι</em></strong></span> <span class='ocrx_word' id='word_1_176' title='bbox 980 2509 1063 2579; x_wconf 80' lang='grc' dir='ltr'><strong><em>κατὰ</em></strong></span> 
     </span>
     <span class='ocr_line' id='line_1_25' title="bbox 108 2607 1062 2697; baseline 0.003 -21"><span class='ocrx_word' id='word_1_177' title='bbox 108 2610 241 2677; x_wconf 87' lang='grc' dir='ltr'><strong><em>τούτων</em></strong></span> <span class='ocrx_word' id='word_1_178' title='bbox 252 2610 375 2695; x_wconf 86' lang='grc' dir='ltr'><strong><em>μόνον,</em></strong></span> <span class='ocrx_word' id='word_1_179' title='bbox 397 2611 478 2678; x_wconf 89' lang='grc' dir='ltr'><strong><em>άλλο</em></strong></span> <span class='ocrx_word' id='word_1_180' title='bbox 490 2611 525 2678; x_wconf 75' lang='grc' dir='ltr'><strong><em>δὲ</em></strong></span> <span class='ocrx_word' id='word_1_181' title='bbox 542 2607 621 2697; x_wconf 91' lang='grc' dir='ltr'><strong><em>μηδ’</em></strong></span> <span class='ocrx_word' id='word_1_182' title='bbox 634 2607 748 2678; x_wconf 82' lang='grc' dir='ltr'><strong><em>ὁτιοῦν</em></strong></span> <span class='ocrx_word' id='word_1_183' title='bbox 764 2623 948 2697; x_wconf 72' lang='grc' dir='ltr'><strong><em>συμπονῶν</em></strong></span> <span class='ocrx_word' id='word_1_184' title='bbox 954 2660 966 2695; x_wconf 93' lang='grc'><strong><em>,</em></strong></span> <span class='ocrx_word' id='word_1_185' title='bbox 989 2607 1062 2696; x_wconf 77' lang='grc' dir='ltr'><strong><em>ούγὶ</em></strong></span> 
     </span>
     <span class='ocr_line' id='line_1_26' title="bbox 108 2706 1061 2798; baseline 0.004 -25"><span class='ocrx_word' id='word_1_186' title='bbox 108 2708 285 2792; x_wconf 81' lang='grc' dir='ltr'><strong><em>γενήσεται</em></strong></span> <span class='ocrx_word' id='word_1_187' title='bbox 301 2713 369 2776; x_wconf 85' lang='grc' dir='ltr'><strong><em>τῶν</em></strong></span> <span class='ocrx_word' id='word_1_188' title='bbox 385 2707 532 2777; x_wconf 88' lang='grc' dir='ltr'><strong><em>δεόντων</em></strong></span> <span class='ocrx_word' id='word_1_189' title='bbox 549 2706 629 2793; x_wconf 77' lang='grc' dir='ltr'><strong><em>ύμῖν</em></strong></span> <span class='ocrx_word' id='word_1_190' title='bbox 639 2707 739 2776; x_wconf 76' lang='grc' dir='ltr'><strong><em>οῦδὲν</em></strong></span> <span class='ocrx_word' id='word_1_191' title='bbox 748 2711 787 2776; x_wconf 82' lang='grc' dir='ltr'><strong><em>ἐν</em></strong></span> <span class='ocrx_word' id='word_1_192' title='bbox 795 2715 917 2798; x_wconf 76' lang='grc' dir='ltr'><strong><em>καιρῷ·</em></strong></span> <span class='ocrx_word' id='word_1_193' title='bbox 937 2706 975 2776; x_wconf 84' lang='grc' dir='ltr'><strong><em>τό</em></strong></span> <span class='ocrx_word' id='word_1_194' title='bbox 997 2706 1061 2794; x_wconf 78' lang='grc' dir='ltr'><strong><em>γάρ</em></strong></span> 
     </span>
     <span class='ocr_line' id='line_1_27' title="bbox 108 2801 1064 2893; baseline 0.003 -21"><span class='ocrx_word' id='word_1_195' title='bbox 108 2801 313 2891; x_wconf 74' lang='grc' dir='ltr'><strong><em>ἠδικημένον</em></strong></span> <span class='ocrx_word' id='word_1_196' title='bbox 323 2803 374 2874; x_wconf 85' lang='grc' dir='ltr'><strong><em>άεί</em></strong></span> <span class='ocrx_word' id='word_1_197' title='bbox 384 2810 484 2893; x_wconf 81' lang='grc' dir='ltr'><strong><em>μέρος</em></strong></span> <span class='ocrx_word' id='word_1_198' title='bbox 494 2810 649 2891; x_wconf 84' lang='grc' dir='ltr'><strong><em>ἐλλείψει,</em></strong></span> <span class='ocrx_word' id='word_1_199' title='bbox 673 2804 739 2874; x_wconf 84' lang='grc' dir='ltr'><strong><em>εἶθ’</em></strong></span> <span class='ocrx_word' id='word_1_200' title='bbox 751 2805 833 2893; x_wconf 79' lang='grc' dir='ltr'><strong><em>ύμῖν</em></strong></span> <span class='ocrx_word' id='word_1_201' title='bbox 847 2807 988 2887; x_wconf 87' lang='grc' dir='ltr'><strong><em>τούτους</em></strong></span> <span class='ocrx_word' id='word_1_202' title='bbox 1004 2833 1064 2875; x_wconf 51' lang='grc' dir='ltr'><strong><em>κο.</em></strong></span> 
     </span>
     <span class='ocr_line' id='line_1_28' title="bbox 72 2898 1159 2992; baseline -0.002 -21"><span class='ocrx_word' id='word_1_203' title='bbox 72 2902 220 2983; x_wconf 76' lang='grc' dir='ltr'><strong><em>31λάζειν</em></strong></span> <span class='ocrx_word' id='word_1_204' title='bbox 230 2898 305 2972; x_wconf 84' lang='grc' dir='ltr'><strong><em>άντί</em></strong></span> <span class='ocrx_word' id='word_1_205' title='bbox 314 2912 384 2973; x_wconf 84' lang='grc' dir='ltr'><strong><em>τῶν</em></strong></span> <span class='ocrx_word' id='word_1_206' title='bbox 393 2908 523 2991; x_wconf 83' lang='grc' dir='ltr'><strong><em>ἐχθρῶν</em></strong></span> <span class='ocrx_word' id='word_1_207' title='bbox 534 2905 707 2989; x_wconf 85' lang='grc' dir='ltr'><strong><em>περιέσται.</em></strong></span> <span class='ocrx_word' id='word_1_208' title='bbox 731 2901 863 2990; x_wconf 80' lang='grc' dir='ltr'><strong><em>λέγωδὴ</em></strong></span> <span class='ocrx_word' id='word_1_209' title='bbox 872 2906 1063 2992; x_wconf 89' lang='grc' dir='ltr'><strong><em>κεφάλαιον,</em></strong></span> <span class='ocrx_word' id='word_1_210' title='bbox 1157 2966 1159 2969; x_wconf 79' lang='grc'><strong><em>,</em></strong></span> 
     </span>
     <span class='ocr_line' id='line_1_29' title="bbox 110 2998 1064 3088; baseline 0.002 -20"><span class='ocrx_word' id='word_1_211' title='bbox 110 3001 240 3081; x_wconf 80' lang='grc' dir='ltr'><strong><em>πάντας</em></strong></span> <span class='ocrx_word' id='word_1_212' title='bbox 250 3005 414 3088; x_wconf 76' lang='grc' dir='ltr'><strong><em>εἰσφέρειν</em></strong></span> <span class='ocrx_word' id='word_1_213' title='bbox 426 2999 481 3086; x_wconf 80' lang='grc' dir='ltr'><strong><em>ἀφ’</em></strong></span> <span class='ocrx_word' id='word_1_214' title='bbox 493 2999 584 3069; x_wconf 85' lang='grc' dir='ltr'><strong><em>ὅσων</em></strong></span> <span class='ocrx_word' id='word_1_215' title='bbox 595 3003 730 3080; x_wconf 77' lang='grc' dir='ltr'><strong><em>ἕκαστος</em></strong></span> <span class='ocrx_word' id='word_1_216' title='bbox 740 2998 852 3086; x_wconf 81' lang='grc' dir='ltr'><strong><em>ἔχειτὰ</em></strong></span> <span class='ocrx_word' id='word_1_217' title='bbox 864 3010 954 3069; x_wconf 89' lang='grc' dir='ltr'><strong><em>ἰσον·</em></strong></span> <span class='ocrx_word' id='word_1_218' title='bbox 977 3002 1064 3070; x_wconf 89' lang='grc' dir='ltr'><strong><em>πάν-</em></strong></span> 
     </span>
     <span class='ocr_line' id='line_1_30' title="bbox 111 3095 1062 3186; baseline 0 -19"><span class='ocrx_word' id='word_1_219' title='bbox 111 3126 169 3179; x_wconf 87' lang='grc' dir='ltr'><strong><em>τας</em></strong></span> <span class='ocrx_word' id='word_1_220' title='bbox 179 3103 299 3180; x_wconf 78' lang='grc' dir='ltr'><strong><em>ἐξιέναι</em></strong></span> <span class='ocrx_word' id='word_1_221' title='bbox 309 3097 392 3165; x_wconf 88' lang='grc' dir='ltr'><strong><em>κατά</em></strong></span> <span class='ocrx_word' id='word_1_222' title='bbox 403 3102 511 3185; x_wconf 86' lang='grc' dir='ltr'><strong><em>μέρος,</em></strong></span> <span class='ocrx_word' id='word_1_223' title='bbox 523 3101 584 3177; x_wconf 76' lang='grc' dir='ltr'><strong><em>ἕως</em></strong></span> <span class='ocrx_word' id='word_1_224' title='bbox 594 3095 637 3166; x_wconf 84' lang='grc' dir='ltr'><strong><em>άν</em></strong></span> <span class='ocrx_word' id='word_1_225' title='bbox 648 3096 790 3176; x_wconf 80' lang='grc' dir='ltr'><strong><em>ἅπαντες</em></strong></span> <span class='ocrx_word' id='word_1_226' title='bbox 801 3100 1062 3186; x_wconf 89' lang='grc' dir='ltr'><strong><em>στρατεύσησθε·</em></strong></span> 
     </span>
     <span class='ocr_line' id='line_1_31' title="bbox 111 3190 1064 3285; baseline -0.002 -18"><span class='ocrx_word' id='word_1_227' title='bbox 111 3207 194 3267; x_wconf 78' lang='grc' dir='ltr'><strong><em>πᾶσι</em></strong></span> <span class='ocrx_word' id='word_1_228' title='bbox 201 3211 271 3274; x_wconf 76' lang='grc' dir='ltr'><strong><em>τοῖς</em></strong></span> <span class='ocrx_word' id='word_1_229' title='bbox 281 3203 439 3282; x_wconf 83' lang='grc' dir='ltr'><strong><em>παριοῦσι</em></strong></span> <span class='ocrx_word' id='word_1_230' title='bbox 448 3196 552 3283; x_wconf 82' lang='grc' dir='ltr'><strong><em>λόγον</em></strong></span> <span class='ocrx_word' id='word_1_231' title='bbox 561 3197 708 3281; x_wconf 87' lang='grc' dir='ltr'><strong><em>διδόναι,</em></strong></span> <span class='ocrx_word' id='word_1_232' title='bbox 725 3199 781 3265; x_wconf 75' lang='grc' dir='ltr'><strong><em>καὶ</em></strong></span> <span class='ocrx_word' id='word_1_233' title='bbox 796 3196 836 3267; x_wconf 88' lang='grc' dir='ltr'><strong><em>τά</em></strong></span> <span class='ocrx_word' id='word_1_234' title='bbox 852 3201 1004 3285; x_wconf 81' lang='grc' dir='ltr'><strong><em>βέλτιστα</em></strong></span> <span class='ocrx_word' id='word_1_235' title='bbox 1016 3190 1064 3265; x_wconf 83' lang='grc' dir='ltr'><strong><em>ῶν</em></strong></span> 
     </span>
     <span class='ocr_line' id='line_1_32' title="bbox 112 3291 1061 3383; baseline -0.002 -20"><span class='ocrx_word' id='word_1_236' title='bbox 112 3291 156 3363; x_wconf 81' lang='grc' dir='ltr'><strong><em>δν</em></strong></span> <span class='ocrx_word' id='word_1_237' title='bbox 164 3293 332 3379; x_wconf 78' lang='grc' dir='ltr'><strong><em>ἀκούσητε</em></strong></span> <span class='ocrx_word' id='word_1_238' title='bbox 343 3299 520 3381; x_wconf 81' lang='grc' dir='ltr'><strong><em>αἱρεῖσθαι,</em></strong></span> <span class='ocrx_word' id='word_1_239' title='bbox 537 3295 583 3383; x_wconf 74' lang='grc' dir='ltr'><strong><em>μὴ</em></strong></span> <span class='ocrx_word' id='word_1_240' title='bbox 593 3291 667 3364; x_wconf 78' lang='grc' dir='ltr'><strong><em>άιῖν</em></strong></span> <span class='ocrx_word' id='word_1_241' title='bbox 677 3293 696 3364; x_wconf 88' lang='grc' dir='ltr'>ὁ</span> <span class='ocrx_word' id='word_1_242' title='bbox 708 3300 801 3364; x_wconf 74' lang='grc' dir='ltr'><strong><em>δεῖνα</em></strong></span> <span class='ocrx_word' id='word_1_243' title='bbox 811 3291 833 3382; x_wconf 77' lang='grc' dir='ltr'><strong><em>ἢ</em></strong></span> <span class='ocrx_word' id='word_1_244' title='bbox 845 3293 862 3365; x_wconf 83' lang='grc' dir='ltr'><strong>ὁ</strong></span> <span class='ocrx_word' id='word_1_245' title='bbox 874 3301 967 3363; x_wconf 82' lang='grc' dir='ltr'><strong><em>δεῖνα</em></strong></span> <span class='ocrx_word' id='word_1_246' title='bbox 977 3303 1061 3379; x_wconf 82' lang='grc' dir='ltr'><strong><em>εἰτη.</em></strong></span> 
     </span>
     <span class='ocr_line' id='line_1_33' title="bbox 112 3390 1064 3480; baseline -0.006 -18"><span class='ocrx_word' id='word_1_247' title='bbox 112 3390 293 3462; x_wconf 77' lang='grc' dir='ltr'><strong><em>κῶνταῦτα</em></strong></span> <span class='ocrx_word' id='word_1_248' title='bbox 302 3401 428 3480; x_wconf 74' lang='grc' dir='ltr'><strong><em>ποιῆτε,</em></strong></span> <span class='ocrx_word' id='word_1_249' title='bbox 450 3392 493 3460; x_wconf 89' lang='grc' dir='ltr'><strong><em>ού</em></strong></span> <span class='ocrx_word' id='word_1_250' title='bbox 508 3392 569 3462; x_wconf 85' lang='grc' dir='ltr'><strong><em>τόν</em></strong></span> <span class='ocrx_word' id='word_1_251' title='bbox 588 3394 724 3463; x_wconf 87' lang='grc' dir='ltr'><strong><em>εἰπόντα</em></strong></span> <span class='ocrx_word' id='word_1_252' title='bbox 740 3393 849 3480; x_wconf 86' lang='grc' dir='ltr'><strong><em>μόνον</em></strong></span> <span class='ocrx_word' id='word_1_253' title='bbox 864 3398 1064 3477; x_wconf 79' lang='grc' dir='ltr'><strong><em>παραχρῆμα</em></strong></span> 
     </span>
    </p>
   </div>
   <div class='ocr_carea' id='block_1_3' title="bbox 0 0 1174 3894">
    <p class='ocr_par' dir='ltr' id='par_1_3' title="bbox 0 0 1174 3894">
     <span class='ocr_line' id='line_1_34' title="bbox 0 0 1174 3894; baseline 0 0"><span class='ocrx_word' id='word_1_254' title='bbox 0 0 1174 3894; x_wconf 95' lang='lat' dir='ltr'><strong><em> </em></strong></span> 
     </span>
    </p>
   </div>
  </div>
 </body>
</html>
