2340 3894
230 206 235 210 ’
287 204 415 265 ΠΕΡΙ
446 205 548 266 ΤΟῬ
576 207 879 272 ΣΤΕΦΑΝΟῬ.
997 211 1059 276 193

192 370 251 467 Τῆς
262 364 422 449 δὲγραφης
439 368 481 430 ἔτι
495 371 645 432 Φιλίππου
662 375 767 446 ζῶντος
785 366 990 480 ἀποτεδείσης,
1013 378 1060 441 ἐπὶ

97 442 295 553 Ἀλεξάνδρου
306 448 557 550 διαδεξαμένου
526 476 581 532 την
592 445 686 561 ἀρχην
696 479 712 518 ο
699 449 809 558 λόγος
821 457 880 520 ἐστὶ
892 455 975 522 καὶ
959 486 979 540 η
996 465 1060 542 κρί-

68 583 75 596 .
102 551 158 608 σις.
190 527 230 607 ὦς
243 527 302 634 γάρ
313 526 446 596 ἀπέθανε
461 538 606 610 Φίλιππος
618 538 669 598 καὶ
679 533 734 618 τὴν
745 535 909 648 φρουρδινο
910 546 1061 624 ἱΘηβαῖοι

101 612 349 717 τεθαρρηκότεςὲ
349 613 522 699 ξέβαλον,“
510 643 526 680 ο
543 643 597 698 μεν
610 612 828 724 Ἀλέξανδρος
812 651 850 701 ως
871 651 1059 708 καταφρονη-

101 692 211 774 θεὶς
178 720 231 774 τας
245 694 345 801 Θήβας
363 701 600 804 κατέσκαψεγ,ε
587 698 648 769 εἶτα
664 700 825 805 μετριγνοδς
837 707 937 770 ἐπὶ
896 734 936 791 τῳ
947 731 1059 811 πεπρα-

101 785 202 885 γμόνῳ
218 780 425 884 ἐξεχώρησε
388 810 440 864 της
449 779 592 859 Ελλόδος
609 784 815 868 αἰσχυνόμενος
834 792 885 854 καὶ
907 786 982 854 κατδι
1001 797 1060 854 τῶν

101 863 289 949 βαρβάρυνέ
290 864 470 968 στρότευσεη,
480 890 508 929 οι
501 861 569 930 δὲ’
564 875 716 972 Αθηναῖοι
725 869 829 977 καιρδγ
838 877 913 976 ἔχειν
922 872 1060 978 ἐνόμισαν

100 953 197 1033 κρίσει
212 955 400 1057 παραδρδναι
415 946 483 1024 τοὺς
499 948 645 1054 προδότας
661 949 729 1028 τοὺς
746 952 801 1058 τὴν
808 951 933 1023 Ἐλλάδα
951 953 1066 1039 ἀδική-

98 1051 226 1114 σαντας,
237 1035 289 1096 καὶ
301 1030 378 1097 οὕτω
389 1030 593 1116 συνεκροτηθη
603 1061 636 1099 το
624 1029 845 1123 δικαστήριον.

186 1258 328 1334 Πρῶτον
346 1255 423 1337 μὲν,
446 1278 471 1318 ω
461 1244 604 1336 ἀνδρες
612 1249 782 1337 Ἀθηναῖοι
788 1303 797 1337 ,
818 1265 990 1334 τοσςθεοϊς
1001 1254 1059 1323 ευ-

99 1376 201 1438 χομαι
211 1357 293 1417 πᾶσι
303 1353 358 1418 καί
369 1351 500 1435 πόσαις,
510 1349 594 1435 ὅσην
605 1348 740 1418 εὔνοιαν
751 1357 835 1435 ἔχων
847 1351 910 1436 ἐγω
923 1357 1060 1420 διατελεῖ

100 1457 144 1536 τῇ
153 1475 189 1517 τε
200 1449 296 1518 πόλει
306 1450 361 1516 καὶ
373 1457 475 1516 πᾶσιν
486 1447 577 1535 ὑμῖν,
587 1448 753 1535 τοσαύτην
764 1446 907 1537 ὑπάρξαι
917 1477 973 1535 μοι
984 1449 1058 1534 παρ’
1066 1463 1119 1519 226

100 1543 199 1635 ὑμῶν
210 1553 255 1626 είς
266 1549 398 1615 τουτονὶ
409 1547 470 1615 τὸν
481 1545 609 1635 ἀγῶνα,
622 1545 730 1615 ἔπειθ’
741 1545 824 1637 ὅπερ
847 1552 914 1617 ἐστὶ
925 1548 1058 1635 μάλισθ’

100 1643 188 1730 ὑπὲρ
209 1642 305 1731 ὑμῶν
319 1647 378 1713 καὶ
394 1654 453 1732 τῆς
469 1642 629 1732 ὑμετέρας
645 1643 813 1732 εὐσεβείας
830 1649 936 1714 τεκαὶ
952 1646 1058 1733 δόξης,

98 1751 201 1811 τοῦτο
213 1751 419 1830 παραστῆσαι
430 1743 508 1823 τοὺς
519 1743 622 1823 θεοὺς
633 1743 729 1830 ὑμῖν,
751 1744 796 1829 μη
814 1742 874 1812 τόν
890 1742 1059 1813 ἀντίδικον

101 1841 298 1929 σύμβουλον
319 1843 525 1930 ποιήσασθαι
546 1846 620 1929 περὶ
641 1852 704 1911 τοῦ
723 1851 794 1922 πιδς
814 1841 951 1910 ἀκούειν
973 1841 1059 1928 ὑμᾶς

73 1944 185 2027 λέμοῦ
196 1944 250 2007 δεῖ
257 1942 422 2025 (σχέτλιον
431 1940 497 2027 γὰρ
509 1939 552 2008 ἀν
563 1952 613 2028 είη
624 1942 725 2009 τοῦτό
738 1951 801 2029 γε),
814 1940 896 2010 ἀλλά
908 1943 987 2020 τούς
998 1942 1055 2008 νό-

98 2062 186 2125 μους
195 2041 251 2107 καὶ
261 2038 321 2105 τόν
332 2037 446 2125 ὅρκον,
459 2044 496 2107 ἐν
506 2034 534 2130 ηδ
544 2039 627 2126 πρδς
637 2039 741 2108 ἀπασι
751 2055 818 2118 τοῖς
829 2040 941 2119 ἀλλοις
952 2045 1059 2108 δικαί-

98 2160 150 2215 οις
165 2137 223 2204 καὶ
238 2143 336 2203 τοῦτο
354 2139 550 2223 γέγραπται,
572 2138 609 2206 τό
621 2137 742 2225 ὁμοίως
753 2137 878 2224 ἀμφοῖν
889 2138 1059 2226 ἀκροάσα-

98 2244 194 2303 σθαι.
216 2242 314 2302 τοῦτο
328 2233 359 2302 δ’
374 2238 462 2302 ἐστὶν
475 2234 518 2301 οὐ
528 2236 680 2321 μόνοντὰ
693 2236 737 2323 μη
750 2240 1057 2321 προκατεγνωκέναι

98 2333 221 2420 μηδὲν,
245 2330 325 2402 οὐδὲ
342 2331 378 2401 τδ
390 2335 453 2420 την
464 2332 601 2402 εὔνοιαν
611 2345 687 2419 ίσην
699 2333 897 2420 ἀμφοτέροις
907 2332 1058 2400 ἀποδοῦ-

97 2458 173 2519 ναι,
196 2430 281 2501 ἀλλά
298 2435 355 2500 καὶ
365 2432 402 2500 τό
413 2441 455 2521 τῇ
467 2434 555 2513 τάξει
566 2436 621 2500 καὶ
631 2441 672 2520 τῇ
684 2429 861 2518 ἀπολογία,
881 2429 926 2509 σός
936 2428 1059 2518 βεβού-

97 2539 195 2618 ληται
206 2534 262 2600 καί
272 2533 457 2620 προῄρηται
466 2541 534 2600 των
553 2529 806 2618 ἀγωνιζομένων
823 2531 975 2614 ἕκαστος,
998 2526 1060 2596 οδ-

96 2656 163 2710 τως
174 2633 268 2698 ἐᾶσαι
278 2633 476 2719 χρήσασθαι.

72 2747 90 2802 ³
183 2729 298 2799 Πολλδ
321 2730 383 2816 μὲν
404 2724 468 2799 οὖν
489 2729 587 2818 ἔγωγ’
612 2734 808 2815 ἐλαττοῦμαι
823 2724 906 2796 κατὰ
924 2724 1058 2796 τουτονὶ

71 2901 76 2911 ,
97 2826 160 2898 τόν
171 2825 287 2913 ἀγῶνα
297 2836 475 2915 Αίσχίνου,
488 2831 551 2899 δύο
564 2828 607 2916 δ’,
627 2823 655 2897 τό
664 2831 784 2914 ἀνδρες
792 2825 978 2915 Ἀθηναῖοι,
999 2827 1057 2894 καὶ

98 2925 244 3015 μεγάλα,
268 2930 306 2995 δν
320 2920 387 3014 μὲν
405 2927 455 2995 δ’τι
467 2928 508 2997 οὐ
520 2931 594 3015 περὶ
605 2937 673 2996 των
686 2939 768 2997 ίσων
778 2925 992 3013 ἀγωνίζομαι·
1016 2923 1065 2992 οά

98 3026 166 3112 γάρ
184 3029 274 3093 ἐστιν
291 3035 366 3094 ίσον
382 3035 449 3095 νῦν
465 3031 536 3113 ἐμοὶ
552 3036 611 3114 τῆς
626 3026 706 3113 παρ’
726 3025 823 3113 ὑμῶν
842 3024 973 3117 εὐνοίας
985 3029 1059 3093 δια-

101 3137 241 3212 μαρτεῖν
260 3126 316 3215 καί
336 3124 443 3215 τούτῳ
466 3125 510 3214 μὴ
535 3128 620 3194 ἑλεῖν
639 3124 701 3212 τὴν
716 3123 868 3211 γραφὴν,
890 3122 964 3191 ἀλλ’
987 3122 1059 3206 ἐμοὶ

58 3222 62 3228 ’
102 3219 251 3308 μδν-οά
261 3224 427 3311 βούλομαι
438 3225 474 3293 δὲ
484 3225 639 3309 δυσχερὲς
652 3229 755 3291 εἰπεῖν
767 3220 868 3290 οὐδὲν
878 3218 1061 3303 ἀρχόμενος

102 3322 296 3408 τοῦλόγου,
309 3314 408 3401 οὗτος
421 3320 447 3391 δ
460 3327 496 3390 ἐκ
507 3328 696 3407 περιουσίαις
707 3346 773 3407 μου
783 3327 966 3402 κατηγορεῖ.
990 3313 1062 3380 ἕτε-

106 3446 166 3507 ρον
183 3420 230 3506 δ’,
253 3418 274 3490 δ
293 3422 394 3508 φύσει
411 3429 514 3491 ποῖσιν
530 3420 725 3509 ἀνθρώποις
742 3417 900 3500 ὑπάρχει,
921 3419 989 3480 τῶν
999 3412 1062 3499 μὲν

169 3519 306 3572 ὓεωοιῑλι.
330 3518 389 3578 Vol,
402 3519 423 3571 1.
880 3511 912 3565 1³
