2340 3894
175 175 239 246 ιιι
398 177 432 235 x.
461 145 933 250 [Λιιινοεοιιοιουπι

174 358 229 407 σαι
250 349 318 414 τοῖς
340 334 452 419 ἄρχειν
474 330 690 416 βουλομένοις
710 328 765 395 καὶ
785 325 910 404 πάντας
925 324 1141 411 ἀνθρώπους.

174 443 220 516 είς
231 439 425 520 ἐλευθερίαν
437 433 606 508 ἐξελέσθαι
619 429 730 492 δεινοί.
759 423 887 492 ούκουν
897 422 1054 510 βούλεται
1064 437 1133 502 τοῖς

12 539 15 543 ’
85 555 88 560 ’
137 532 280 619 -αύτοῦ
297 545 424 618 καιροῖς
439 527 500 614 την
516 523 595 611 παρ’
613 523 709 610 ὑμῶν
720 527 916 610 ἐλευθερίαν
926 521 1131 608 ἐφεδρεύειν,

130 655 164 709 15
173 632 215 702 οὐ
226 639 336 710 κακῶς
347 627 421 698 οὐδ’
434 627 544 712 άργῶς
554 631 658 691 ταῦτα
669 623 887 709 λογιζόμενος.
923 625 1131 709 πρῶτονμὲν

173 729 214 818 δὴ
226 738 325 798 τοῦτο
337 733 400 814 δεῖ,
409 722 532 811 ε’χθρδν
541 720 761 808 ὑπειληφέναι
769 728 827 810 τῆς
836 729 1000 800 πολιτείας
1008 722 1131 808 καὶτῆς

100 863 103 869 ·
172 834 392 916 δημοκρατίας
402 823 622 891 ἀδιάλλακτον
633 825 778 905 ἐκεῖνον,
792 821 949 907 δεύτερον
960 821 996 890 δὲ
1007 823 1131 891 είδὲναι

174 935 289 1013 σαφῶς
297 924 349 992 ότι
359 919 460 990 πάνθ’
471 920 535 989 ὅσα
547 921 813 1008 πραγματεύεται
823 923 878 989 καί
889 920 1131 1001 κατασκευάζε-

71 1105 79 1114 .
171 1053 224 1094 ται
234 1031 315 1109 νῦν,
338 1023 390 1090 ἐπὶ
400 1021 462 1107 την
472 1019 634 1108 ἡμετέραν
645 1017 745 1092 πόλιν
761 1021 1052 1105 παρασκευάζεται.
1088 1018 1130 1088 ού

111 1165 113 1170 s
171 1123 236 1209 γάρ
248 1121 354 1201 οὕτως
365 1118 490 1208 εὐήθης
501 1122 590 1188 ἐστὶν
601 1117 699 1205 ὑμῶν
709 1116 820 1198 οὐδεὶς
831 1119 919 1188 ῶσθ’
931 1117 1130 1208 ὑπολαμβά-

93 1289 96 1298 ,
171 1249 245 1291 νειν
260 1220 321 1290 τὸν
332 1227 498 1289 Φίλιππον
514 1227 584 1287 τῶν
600 1221 661 1304 μὲν
677 1220 714 1286 ἐν
732 1218 848 1307 Θρᾴκη
865 1226 979 1286 κακῶν
1000 1224 1051 1302 (τί
1064 1217 1129 1305 γάρ

171 1316 216 1390 άν
230 1319 310 1390 άλλο
321 1346 370 1400 τις
380 1330 466 1389 εἴποι
476 1325 666 1406 Δρογγίλον
676 1320 731 1386 καὶ
741 1318 903 1405 Καβύλην
913 1319 968 1386 καί
978 1316 1130 1415 Μάστει-

172 1446 236 1504 ραν
253 1421 309 1488 καὶ
325 1415 347 1486 δ
363 1426 429 1486 νῦν
446 1437 550 1504 φασιν
566 1414 671 1486 αὐτὸν
681 1422 778 1502 ἔχειν)
792 1418 922 1485 τούτων
934 1419 997 1503 μὲν
1008 1420 1129 1487 ἐπιθυ-

84 1526 90 1531 ’
165 1514 578 1603 μεῑνκαὶύπδρτοῶταύτα
586 1517 958 1602 λαβεῑνκαίπόνουςκαί
965 1526 1128 1603 χειμῶνας

130 1637 163 1692 16
171 1618 225 1684 καὶ
235 1614 314 1694 τούς
325 1614 481 1700 ἐσχάτους
492 1614 672 1693 κινδύνους
682 1612 878 1702 ὑπομένειν,
897 1624 965 1683 τῶν
976 1613 1009 1682 δ’
1024 1614 1128 1703 Ἀθη-

170 1721 275 1783 ναίων
285 1716 428 1800 λιμένων
439 1714 649 1799 καὶνεοιρίυν
659 1721 727 1781 τῶν
737 1713 882 1807 τριήροιν
892 1715 947 1783 καὶ
958 1717 1128 1801 καὶέργον

127 1883 154 1908 Ι,
170 1821 238 1881 τῶν
249 1811 435 1898 ἀργυρείων
445 1813 501 1880 καὶ
514 1811 684 1880 τοσούτων
694 1813 872 1898 προσόδιον
881 1816 936 1881 καὶ
946 1813 1055 1883 τόπου
1071 1815 1126 1883 καί

170 1912 277 1996 δόξης,
290 1903 339 1978 ῶν
349 1909 419 1995 μήτ’
432 1914 546 1999 ἐκείνῳ
558 1905 628 1996 μήτ’
641 1909 731 1999 ἄλλῳ
743 1913 870 1995 γένοιτο
881 1915 998 1999 μηδενὶ
1008 1939 1127 2000 χειρῶ-

170 2012 301 2098 σαμόνρι
311 2009 373 2094 τὴν
383 2009 482 2076 πόλιν
493 2009 553 2094 τὴν
563 2007 725 2095 ἡμετέραν
735 2018 920 2096 κυριεῦσαι,
931 2007 995 2079 οὐκ
1004 2014 1128 2080 ἐπιθυ-

169 2121 269 2193 μεῖν,
282 2104 366 2175 ἄλλά
378 2115 482 2176 ταῦτα
492 2106 554 2194 μὲν
564 2105 652 2194 ὑμῶς
663 2106 774 2176 ἐάσειν
783 2114 884 2195 ἔχειν,
907 2105 992 2196 ὑπὲρ
1009 2108 1046 2178 δὲ
1055 2117 1125 2178 τῶν

169 2214 314 2291 μελινῶν
330 2208 469 2276 καὶτῶν
485 2205 617 2293 ὀλυρῶν
634 2215 704 2274 τῶν
719 2211 757 2276 ἐν
772 2223 841 2286 τοῖς
852 2213 1009 2296 Θρᾳκίοις
1019 2223 1125 2296 σιροῖς

128 2307 186 2378 1Ὶέ
185 2330 262 2394 ντῳ
247 2305 437 2394 βαράθρῳ
448 2307 618 2392 χειμάζειν.
654 2304 717 2375 οὐκ
734 2312 802 2375 ἔστι
818 2315 938 2394 ταῦτα,
960 2306 1045 2376 ἄλλά
1061 2308 1126 2377 κά-

99 2470 101 2475 .
169 2417 263 2472 κείνα
283 2401 368 2490 ύπὲρ
388 2411 450 2472 τοῦ
470 2406 600 2472 τούτων
621 2396 779 2503 γενέσθαι
800 2407 916 2489 κύριος
935 2409 991 2475 καὶ
1019 2406 1149 2476 τᾶλλαι
1169 2449 1170 2459 1

168 2503 277 2570 πάντα
286 2503 567 2627 πραγματεύεται.
599 2508 703 2573 ταῦτα
720 2508 871 2573 τοίνυν“
852 2525 993 2574 εκαστον
1011 2507 1123 2576 εἰδότα

166 2604 221 2670 και
237 2601 467 2694 γιγνῶσκοντα
485 2599 563 2688 παρ’
584 2600 674 2690 αὑτῳ
662 2607 739 2671 δεῖ
746 2631 792 2690 μα
781 2601 861 2672 Δί’
875 2601 917 2673 ού
927 2605 1124 2690 γράψαικε-

166 2699 278 2766 λεύειν
289 2699 435 2784 πόλεμον
445 2697 505 2767 τόν
514 2699 556 2768 τά
566 2703 717 2787 βέλτιστα
730 2704 781 2770 ἐπὶ
792 2711 873 2771 πάσι
884 2708 1023 2784 δικαίοις
1035 2724 1123 2791 συμ-

166 2797 387 2880 βουλεύοντα
408 2805 507 2866 τοῦτο
525 2799 648 2885 μὲν’
603 2826 667 2888 γαρ
685 2804 752 2868 ἐστι
770 2800 961 2892 λαβεινότω
973 2802 1124 2889 πολεμή-

166 2912 237 2961 σετε
252 2899 496 3020 βουλομένων,
508 2897 569 2984 οόχ
587 2896 610 2966 δ
624 2925 664 2987 τη
650 2901 769 2970 πόλει
780 2905 942 2988 συμφέρει
952 2903 1121 2990 πράττειν.

124 3012 158 3067 18
166 3016 262 3076 οροτε
272 2993 346 3114 γάρ.
381 3000 412 3063 εί
421 2993 504 3063 δι’“
482 3024 504 3064 α
520 3005 636 3084 πρῶτα
652 2999 906 3087 παρεσπόνδησε
917 3006 964 3068 Φί
961 2997 1124 3082 λιππος
1098 3028 1120 3087 η

166 3087 343 3177 δεύτερα’“
320 3121 341 3180 η
359 3100 451 3180 τρίτα
469 3094 590 3179 (πολλοὶ
609 3098 673 3185 γάρ
691 3103 919 3187 ἐστινίφεξης)
938 3104 1065 3188 ἔγραψέ
1072 3125 1122 3178 τις

164 3185 254 3281 αύτῳ
243 3198 438 3278 πολεμεῖν,
460 3222 478 3261 ο
469 3191 552 3261 δ
537 3203 658 3282 ομοίως
675 3194 786 3283 ῶσπερ
803 3205 885 3284 νύν,
907 3196 949 3266 ού
966 3199 1122 3286 γράφον·

163 3313 219 3368 τος
227 3287 396 3370 ουδενος
376 3318 474 3378 υμυν
484 3294 648 3380 πολεμον,
667 3299 896 3382 Καρδιανολςέ
894 3296 1033 3384 βοήθει,
1056 3293 1120 3367 οὐκ

162 3381 205 3454 άν
216 3382 549 3483 άνηρπασμένοςηνὸ
567 3393 713 3480 γράψας,
736 3394 792 3462 καὶ
806 3391 863 3463 διά
877 3401 978 3464 τοῦτο
997 3393 1121 3476 πάντες
