2340 3894
168 161 232 262 ιιι
318 198 353 250 .·.
377 197 473 255 .xv1.
506 191 930 255 Δααοῑοονονπ

166 364 233 443 δεῖ,
255 364 287 427 εί
307 357 344 443 δδ
360 356 441 434 τούς
450 353 693 442 βοηθήσαντας
714 347 759 419 άν
779 348 860 438 ἡμῖν
875 359 944 419 νύν
961 348 1008 418 ἐπ’
1026 347 1133 420 αὐτόν

161 457 312 545 ἐχθρούς
322 457 526 544 κτησόμεθα
539 451 600 538 οὐχ
611 455 729 537 ἕξομεν
744 451 945 536 συμμάχους.
970 449 1035 534 ἐγώ
1046 449 1129 519 δὲτὸ

168 563 229 646 μὲν
239 565 460 644 κομίσασθαι
449 551 605 636 Ὠρωπόν
615 559 798 634 πειρᾶσθαι
814 554 885 616 δεῖν
895 573 982 636 φημι
998 548 1108 618 καῖ’
1065 576 1132 618 αυ-

167 658 240 736 τός
262 684 300 724 το
288 653 343 722 δ’
357 651 529 741 ἐχθρους
510 666 590 738 ημιν
601 656 885 736 Λακεδαιμονίους
896 655 1051 735 ἔσεσθαι
1063 658 1131 717 νῦν

167 755 229 825 ἐὰν
239 755 414 854 ποιώμεθα
425 753 618 838 συμμάχους
624 748 795 835 Ἀρκάδων
812 748 890 829 τούς
902 754 1131 836 βουλομένους

166 853 249 941 ἡμῖν
270 854 417 922 είναιί
375 860 505 938 φίλους,
528 851 643 937 μόνοις
660 847 781 918 ούδ’ί
749 857 853 918 είπεῖν
869 854 989 930 ἐξεῖναι
1005 856 1128 935 νομιζω

165 968 236 1033 τοῖς.
250 949 447 1022 πείσασιν’
426 961 531 1036 υμᾶς,
555 948 594 1017 ὅτ
591 947 835 1019 ’ἐκινδύνευον
857 950 1166 1037 Λακεδαιμόνιοι,

124 1080 158 1133 12
166 1061 307 1141 βοηθεῖν
318 1048 439 1127 αὐτοῖς.
468 1053 503 1116 οί
513 1046 579 1134 γάρ
596 1057 701 1116 ταῦτα
712 1051 862 1135 λέγοντες
873 1055 1010 1119 ἔπεισαν
1026 1047 1115 1136 ὑμᾶς
1131 1060 1166 1114 20

167 1152 305 1219 πάντων
324 1156 609 1234 Πελοποννησίων
625 1149 797 1217 ἐλθόντων
814 1146 858 1226 άς
876 1147 962 1234 ὑμᾶς
973 1149 1030 1215 καὶ
1051 1146 1124 1234 μεθ’

166 1247 265 1336 ὑμῶν
274 1247 459 1328 ἀξιούντων
470 1249 524 1317 ἐπὶ
538 1246 618 1327 τούς
627 1254 912 1334 Λακεδαιμονίους
928 1253 1029 1334 ίέναι,
1048 1248 1128 1326 τούς

166 1354 228 1436 μὲν
239 1347 284 1436 μή
295 1350 543 1432 προσδέξασθαι
559 1351 627 1433 (καὶ
646 1347 700 1415 διά
710 1346 817 1432 τοῦθ’,
835 1348 918 1434 ὅπερ
929 1342 974 1435 ήν
984 1347 1127 1416 ὑπόλοι-

166 1474 233 1518 πον
243 1445 371 1535 αὐτοῖς,
383 1451 436 1517 ἐπὶ
447 1455 615 1534 Θηβαίους
623 1441 765 1534 ήλθον),
781 1446 865 1533 ὑπὲρ
884 1450 920 1516 δὲ
937 1455 997 1534 τῆς
1013 1456 1126 1515 Λακε-

167 1554 350 1635 δαιμονίων
372 1555 534 1634 σωτηρίας
554 1548 610 1614 καὶ
630 1545 765 1633 χρήματ’
789 1551 957 1632 εἰσφέρειν
979 1548 1124 1624 καὶτοῖς

165 1651 296 1736 σώμασι
307 1649 528 1717 κινδυνεύειν.
560 1653 667 1716 καίτοι
684 1643 758 1714 οὐδ’
772 1641 815 1712 ὐν
832 1643 924 1730 ὑμεῖς
935 1643 1123 1731 ἠθελήσατε

166 1749 276 1835 δήπου
293 1747 409 1828 σώζειν
425 1743 565 1832 αὐτούς,
589 1752 620 1814 εί
634 1753 733 1813 τούτο
752 1747 941 1831 προύλεγον
957 1743 1055 1831 ὑμῖν,
1068 1743 1125 1815 ότι

164 1853 340 1927 σωθέντες,
358 1843 417 1914 ἐάν
433 1844 478 1932 μή
495 1859 603 1932 ποιεῖν
613 1843 634 1912 ό
644 1873 676 1912 τι
691 1846 871 1932 βούλονται
888 1843 990 1912 πάλιν
1001 1843 1124 1925 αύτούς

163 1952 238 2015 ἐᾶτε
247 1948 303 2015 καὶ
314 1943 450 2029 άδικεῖν,
463 1941 623 2028 οὐδεμίαν
631 1942 712 2030 ύμῖν
721 1944 818 2030 χάριν
829 1947 940 2024 ἕξουσι
949 1951 1125 2031 τῆςσοπη-

98 2103 100 2107 ,
122 2069 154 2124 13
165 2053 245 2128 ρίας.
267 2040 404 2128 καὶμὴν
422 2047 453 2109 εί
467 2043 522 2109 καὶ
539 2043 673 2127 σφόδρα
691 2045 844 2113 ἐναντίον
856 2047 923 2112 ἐστὶ
933 2059 1003 2123 τοῖς
1011 2051 1122 2113 Λακε-

163 2148 347 2228 δαιμονίων
361 2141 586 2227 ἐπιχειρήμασι
603 2139 640 2210 τό
660 2141 740 2221 τούς
753 2141 915 2228 Ἀρκάδας
930 2142 1018 2267 ήμβς
1035 2165 1121 2231 συμ-

162 2241 518 2329 μάχουςποιήσασθαι,
536 2242 817 2368 προσήκειβήπου
835 2250 935 2311 πλείω
948 2243 1121 2330 χάριναύ-

161 2339 242 2420 τούς
258 2333 387 2426 ἔχειν
360 2366 411 2408 ων
425 2339 636 2427 ἐσώθησαν
616 2339 673 2428 υφ’
694 2341 790 2429 ήμων
807 2349 838 2410 εί
837 2370 852 2421 ς
869 2341 949 2422 τούς
959 2346 1120 2430 ἐσχάτους

162 2440 319 2519 ἐλθόντες
328 2437 550 2520 κινδύνους”
527 2469 548 2527 η
562 2433 610 2509 όν
621 2440 943 2512 ιἰδικεῖνκωλύονται
954 2443 1120 2532 νύνόρχί-

161 2546 285 2620 ζεσθαι
313 2539 534 2619 ώστεπωςου
522 2535 811 2629 ’βοηθή.σουσιν’
792 2557 872 2628 ημῖν
840 2541 941 2610 ῖν’ἐπ
951 2541 1118 2628 Ὠρωπὸν,

158 2664 180 2722 η
192 2638 341 2705 κακιστοι
352 2637 489 2705 πάντων
499 2636 692 2723 άνθρώπων
704 2641 857 2721 δόξουσιν
870 2641 968 2722 είναι;
960 2642 1031 2737 μά
1040 2639 1120 2722 τούς

158 2731 534 2821 θεούςέγωνεούχόρῶ

117 2852 152 2911 14
245 2834 1119 2924 Θαυμάζωτοίνννκαὶτοιυλενόντωντὸύτοντὸνλό-

142 2961 232 3020 μου,
247 2930 292 3012 ώς
302 2940 333 3001 εί
342 2934 536 3020 συμμάχους
552 2937 762 3021 ποιησόμεθα
776 2935 936 3022 Ἀρκάδας
946 2942 1002 3008 καὶ
1012 2946 1118 3007 ταῦτα

158 3034 335 3123 πράξομεν,
348 3034 615 3123 μεταβάλλεσθαι
626 3036 712 3115 δόξει
723 3038 777 3104 καὶ
789 3034 889 3104 οὐδὲν
899 3042 987 3122 ἔχειν
998 3036 1118 3107 πιστόν

157 3133 302 3221 ἡπόλις.
334 3137 405 3220 ἐμοὶ
427 3137 489 3220 μὲν
510 3133 575 3219 γάρ
598 3138 692 3202 δοκεῖ
709 3132 921 3219 τούναντίον,
946 3129 1117 3220 ώχάνδρες

154 3232 334 3322 Ἀθηναῖοι.
368 3232 422 3301 διά
440 3241 485 3313 τίς
511 3233 644 3301 ότιτών
662 3231 798 3301 πάντων
816 3231 938 3304 οὐδένα
950 3230 1116 3304 άνᾶντει-

157 3349 233 3404 πεῖν
259 3334 349 3422 οἶμαι
381 3331 426 3413 ώς
445 3331 486 3402 οὐ
504 3336 560 3402 καὶ
575 3337 860 3422 Λακεδαιμονίους
876 3339 932 3404 καὶ
949 3335 1113 3423 πρότερον

157 3442 327 3522 Θηβαίους
342 3435 399 3504 καὶ
413 3432 452 3502 τὸ
470 3442 659 3504 τελευταῖον
676 3432 828 3522 Εὐβοέας
839 3433 997 3531 ἐσοοσενή
1007 3431 1113 3518 πόλις,
