2340 3894
266 167 445 233 ΠΕΡΙ
464 168 572 231 ΤΗΣ
591 170 845 237 ΕΙΡΗΝΗΣ.
1016 171 1059 249 49

97 350 142 396 σοι
151 335 267 393 Πυλιδν
277 355 328 393 και
319 331 474 395 ’ἐπελθεῖν
485 333 651 413 δυναμένου
662 360 698 420 τη
684 328 857 424 ’Ἀτιικηᾎ
843 365 863 420 η
858 335 940 422 περὶ
949 343 1059 422 μικροῦ

96 420 274 517 τηλικοῦτον
285 412 451 479 κίνδυνον’
438 413 579 499 α’ρασθαι.

188 486 283 573 Ούτος
295 491 355 561 δὲ’
341 522 357 562 ο
370 494 455 582 λόγος
465 496 707 605 παρεσκευάσθαι
718 503 787 584 μὲν,
808 497 843 567 ού
854 530 914 586 μην
924 506 1061 609 εἰρῆσθαί

98 604 149 663 μοι
159 585 250 644 δοκεῖ.
278 590 452 685 κατηγορῶν
463 609 521 687 γαρ
532 607 548 647 ο
535 579 659 688 ρύτωρ
670 587 815 688 Αἰσχίνου
826 589 877 651 καὶ
893 595 979 651 τοῦτο
989 583 1061 696 μετὰ

98 671 158 728 τῶν
175 661 276 728 ἄλλων
287 659 378 729 αύτου
365 664 592 749 διαβύλλει,”
575 692 620 731 οτι
631 667 823 775 συνεβούλευε
835 675 878 735 Φί
876 678 986 735 λιππον
992 668 1060 752 Ἀμ·

99 746 249 828 φικτύονα
261 745 338 812 εἷναι
348 755 553 831 ψηφίσασθαι,
557 747 752 856 μηδενος
700 751 791 818 ἄλλον
801 762 898 819 τολ
874 780 965 831 ωντος
976 762 1061 820 τοῦτο

99 829 326 936 εἰσηγήσασθαι,
315 835 449 944 μηδὲ
432 841 635 936 Φιλοκρατους
645 861 697 900 του
708 835 830 903 πάντων
841 836 1060 904 αναιδεστύτον

99 910 156 979 οὐκ
168 911 208 980 6v
219 905 275 980 σύν
286 913 373 994 αύτος
385 915 574 1020 περὶτούτων
585 917 883 1026 συμβεβρυλευκόες
854 948 906 988 τον
916 926 1062 1005 Αἰσχίνην

100 994 193 1063 ἐπ”
155 1008 258 1076 αυτοῖς
270 1005 429 1084 διέβαλλεν,
443 995 518 1065 ύλλόι
506 999 708 1108 δηλονότι
669 1031 732 1107 την
743 1002 888 1072 ύπόνοιαν
899 1010 1004 1089 ἔδεισε,
1019 1033 1061 1089 μη

101 1079 186 1187 δόξη
192 1090 376 1165 φιλιππίζειν
392 1086 468 1149 καὶ
460 1083 605 1190 χρήμασιν
621 1081 680 1151 ύπό
698 1097 751 1152 τοῦ
769 1095 924 1193 βασιλέως
926 1093 1059 1166 πεισθεὶς

99 1164 242 1271 τοιαύτην
257 1167 390 1274 γνώμην
396 1163 628 1278 ύποφηνασθαι,
647 1172 708 1235 ἕπει
726 1177 777 1237 καὶ
789 1177 820 1239 ἐν
831 1185 872 1240 τεδ
890 1172 968 1277 λόγω
984 1169 1058 1277 πρὸς

100 1249 242 1359 τοιαύτην
252 1249 319 1317 τινδι
330 1250 476 1317 υπόνοιαν
486 1249 638 1354 ιστύμενος
649 1259 792 1338 φαίνεται,
804 1241 942 1336 συύιστόις
949 1241 1058 1324 ἑαυτὸν

101 1330 140 1412 ὦς
151 1333 262 1400 εύνουν
271 1362 309 1423 τη
294 1334 406 1401 πόλει
417 1339 468 1400 καὶ
480 1330 714 1419 ἀδωροδόκητον.

180 1524 269 1614 0ροῖ
280 1520 405 1614 μὲν,
378 1555 405 1595 ω
419 1507 542 1614 ἄνδρες
550 1525 736 1613 Ἀθηναῖοι,
758 1552 797 1594 τοι
787 1525 960 1613 παρόντα
971 1526 1059 1613 πρύ-
1069 1536 1101 1590 57

98 1652 207 1712 γματα
217 1626 347 1712 πολλὴν
354 1631 540 1694 Ῠδυσκολίαν
551 1630 667 1710 ἔχοντα
677 1625 734 1693 καὶ
745 1621 941 1711 ταραχηνυύ
952 1624 1058 1712 μόνον
1070 1672 1080 1708 ,

97 1732 146 1813 τῷ
162 1724 273 1792 πολλοὶ
290 1734 468 1812 προεῖσθαι
488 1725 543 1792 καὶ
559 1724 663 1810 μηδὲν
680 1723 765 1792 εῖναι
788 1722 964 1811 προύργου
986 1725 1060 1809 περὶ

97 1821 214 1891 αὐτῶν
224 1816 265 1892 εὖ
276 1826 396 1910 λέγειν,
409 1821 492 1890 ἀλλὰ
505 1824 559 1890 καὶ
573 1829 621 1910 τῷ
631 1824 706 1908 περὶ
717 1830 785 1890 τῶν
794 1819 989 1890 ὑπολοίπων
998 1847 1060 1889 κοι-

99 1920 139 1989 u}
157 1919 266 1990 ταύτὰ
284 1921 366 2011 μηδὲ
383 1918 458 1989 καθ’
472 1924 510 1988 δν
520 1919 558 1989 τὸ
572 1924 747 2007 συμφέρον
757 1920 884 2001 πάντας
893 1918 1059 2009 ἡγεῖσθαι,

77 2018 186 2096 κάλλιὶ
198 2034 268 2100 τοῖς
279 2019 341 2106 μὲν
354 2016 424 2105 ωδὶ,
441 2033 510 2098 τοῖς
521 2016 552 2087 δ’
567 2021 685 2107 ἑτέρως
697 2024 824 2089 δοκεῖν·
846 2018 1014 2106 δυσκόλου
1026 2017 1059 2087 δ’

100 2117 200 2197 ὄντος
217 2117 319 2204 φύσει
331 2120 387 2185 καὶ
397 2125 545 2204 χαλεποῦ
555 2125 618 2186 τοῦ
629 2119 870 2206 βουλεύεσθαι,
888 2125 937 2188 ἔτι
947 2125 1061 2208 πολλῷ

100 2214 371 2305 χαλεπώτερον
350 2232 445 2304 υμεῑς
460 2215 544 2285 αὐτὸ
562 2216 772 2336 πεποηήκατε,
791 2245 816 2285 ω
805 2211 952 2302 ανδρες
960 2215 1062 2302 Aah]

100 2331 205 2385 ναῖοι·
218 2342 237 2383 ο
238 2313 370 2402 μδν
332 2342 397 2401 γαρ
408 2315 631 2394 αλλυιπαντες
642 2313 819 2400 ανθρωποι
829 2338 1061 2399 προτωνπρα

99 2415 240 2535 γμύτων
250 2413 390 2483 stowam
399 2422 587 2503 χρησθαι
556 2439 601 2481 τω
588 2412 872 2501 βουλεύεσθαι,
853 2427 930 2499 νμεῑ
917 2412 990 2492 ῑςδλ
1002 2438 1063 2498 με·

99 2514 141 2634 τρὶ
151 2511 193 2581 τά
206 2514 391 2600 πράγματα.
420 2518 457 2581 ἐκ
469 2514 505 2582 δὲ
522 2512 646 2580 τούτου
657 2519 835 2600 συμβαίνει
851 2508 941 2595 παρὰ
953 2508 1062 2578 πάντα

99 2609 161 2680 τδν
172 2609 349 2698 χρόνονδν
361 2610 426 2680 οἶδ’
438 2609 559 2697 ἐγώ,
526 2606 752 2697 6066611069w
730 2609 1063 2697 ανὰμοῖρτητεέπιτι-

46 2717 217 2796 μοῦντα
228 2707 415 2836 ρύδογιμειν
425 2713 479 2780 καὶ
487 2715 599 2779 δοκεῖν
609 2736 648 2779 ευ
635 2704 779 2797 ’λέγειω
787 2736 827 2778 τα
816 2706 875 2777 δὲ
886 2707 1062 2794 πράγματα

73 2811 158 2880 anal
168 2809 245 2893 περι
256 2835 306 2875 ων
316 2809 524 2893 βουλευεσθε
535 2806 744 2896 ἐκφευγειν
725 2835 820 2896 υμας
844 2805 886 2876 06
897 2835 966 2896 μην
976 2805 1060 2877 αλλα

99 2914 223 2989 καίπερ
243 2909 372 2976 τούτων
392 2907 498 2988 οὕτως
519 2909 664 2995 ἐχόντων
697 2905 789 2993 οἶμαι
822 2909 878 2975 καὶ
897 2905 1061 2984 πεπεικὼς

100 3003 277 3093 ἐμαυτὸν’
258 3009 437 3094 ανέστηκα,
449 3003 493 3075 όίν
503 3009 683 3095 ἐθελήσητε
694 3034 755 3076 του
742 3013 928 3095 θορυβεῖν
938 3008 994 3076 καὶ
1004 3033 1061 3091 φι-

100 3113 266 3173 λονεικεῖν
281 3102 484 3185 ἀποστάντες
499 3105 654 3194 ἀκούειν,
673 3104 717 3186 ὡς
731 3102 816 3191 ὑπὲρ
833 3105 960 3184 πόλεως
977 3111 1061 3192 βου-

99 3207 293 3291 λευομένοις
304 3209 359 3273 καὶ
369 3205 574 3291 τηλικούτων
580 3207 784 3293 πραγμάτων
794 3204 964 3291 προσήκει,
976 3203 1061 3281 ἕξειν

100 3305 156 3370 καὶ
166 3306 277 3387 λέγενν
287 3306 342 3372 καὶ
353 3306 598 3391 συμβουλεύειν
606 3295 697 3373 δι’ύν
707 3309 763 3373 καὶ
773 3303 813 3372 τοὶ
826 3296 962 3384 παρόντ’
971 3303 1061 3367 ἔσται

102 3406 220 3486 βελτίω
228 3402 286 3469 καλ
295 3399 335 3469 πὶ
347 3404 525 3489 προειμένα
537 3405 735 3490 σωθήσεται.

118 3495 256 3549 Demosth.
280 3497 373 3550 v01.1.
895 3495 913 3548 4
