2340 3894
230 188 367 291 ακντ.
389 230 498 305 νει).Ὶ
515 230 967 295 ακεκαεαῑααικω.
1011 225 1076 299 ιἰε

117 399 188 468 λοις
200 387 341 474 ἀγαθῶν
354 395 441 457 αἰτία
459 388 629 456 τοσούτων
645 391 849 477 πραγμάτων
864 393 920 460 καὶ
930 401 1076 479 ταραχῆς

107 487 198 576 ’ήμῑν
208 492 294 555 αἰτία
304 491 437 573 γέγονε,
457 494 492 555 τί
497 511 546 565 τις
557 485 641 555 εἶναι
652 495 750 557 τοῦτο
762 496 810 577 φῆ
820 487 908 575 πλήν
919 489 971 557 ότι
982 495 1074 574 δοδρα

116 586 276 671 λαβόντες
287 577 382 652 οὗτοι
392 583 497 652 καλόν
507 592 642 671 πρᾶγμα
655 585 756 672 φύσει
772 595 883 667 κακῶς
894 591 1072 675 διέθηκανς

68 695 107 750 89
116 695 149 753 τί
163 681 211 763 δ’;
246 680 287 751 ού
303 683 448 769 τριήρεις
465 685 648 768 τριακόσιαι
665 688 722 753 καὶ
743 687 845 773 σκεύη
864 687 998 778 ταύταις
1016 693 1072 757 καὶ
1163 748 1169 761 ,

113 778 256 869 χρήμαθ’
270 778 351 867 ύμῖν
366 789 510 865 περίεστι
527 784 581 850 καὶ
599 785 764 867 περιέσται
782 783 835 853 διά
847 784 909 871 τήν
919 787 1071 872 εἰρήνηνς

115 890 195 958 ἴσως
205 875 249 946 ἀν
260 889 356 946 εἴποι.
391 878 475 964 πρὸς
486 879 526 966 δή
539 888 645 949 ταῦτα
656 885 761 950 ἐκεῖνο
772 880 858 969 ὑμᾶς
868 881 1071 971 ὑπολαμβά-

114 1003 187 1045 νειν
198 980 258 1061 δεῖ,
277 973 328 1042 ὅτι
340 976 394 1044 καὶ
403 973 444 1043 τά
455 984 624 1046 Φιλίππου
635 979 810 1065 πράγματα
821 984 858 1049 ἐκ
869 989 926 1067 τῆς
937 984 1071 1069 εἰρήνης

75 1153 85 1159 ,
113 1078 254 1160 γέγονεν
270 1069 480 1158 εὐπορώτερα
498 1083 626 1165 πολλῷ,
648 1080 705 1146 ’καὶ
723 1093 940 1158 κατασκευαῖς
956 1079 1071 1148 ὅπλων

113 1175 168 1241 καὶ
178 1172 287 1258 χωρας
297 1173 352 1240 καὶ
364 1172 491 1258 προσύδ
493 1199 550 1258 ων,
558 1180 595 1241 αἳ
604 1176 783 1258 γεγόνασιν
793 1180 907 1266 ἐκείνῳ
918 1177 1067 1263 μεγάλαι

66 1271 270 1357 θογεγόνασι
283 1270 318 1338 δὲ
336 1273 391 1337 καὶ
407 1267 488 1355 ήμϊν
504 1276 598 1350 τινές.
632 1269 653 1357 ή
672 1277 711 1339 δέ
724 1299 762 1357 γε
777 1281 847 1340 τοῖν
863 1271 1069 1359 πραγμάτων

111 1368 300 1455 κατασκευή
320 1366 376 1436 udal
392 1378 460 1437 τῶν
476 1369 674 1456 συμμάχων,
698 1368 737 1438 δι’
749 1367 792 1456 ῆν
807 1365 951 1455 ήαὺτοῑς
967 1370 1069 1456 ήτοῑς

110 1472 273 1552 κρείττοσι
293 1466 426 1554 τάγαθά
448 1468 568 1546 πάντες
589 1471 779 1554 κέκτηνται,
810 1464 910 1555 ήμὲν
926 1466 1068 1554 ἡμετέρα

111 1575 278 1648 πραθεῖσα
296 1563 361 1633 ὑπὸ
374 1567 504 1634 τούτων
521 1564 672 1634 ἀπόλωλε
687 1568 744 1635 καὶ
755 1569 892 1651 γέγονεν
910 1563 1066 1653 ἀσθενής,

67 1672 73 1679 ’
109 1659 131 1750 ή
145 1662 179 1730 δ’
191 1665 322 1733 ἐκείνου
333 1663 462 1752 φοβερά
473 1666 529 1733 καὶ
545 1671 664 1751 μείζων
673 1671 794 1753 πολλῷ.
828 1660 870 1731 ού
882 1665 922 1749 δή
936 1667 1067 1732 δίκαιον

110 1763 225 1850 ἐκείνῳ
238 1763 300 1847 μὲν
310 1760 466 1849 ἀμφότερ’
475 1761 642 1849 ηὐξῆσθαι
654 1761 708 1830 διά
721 1763 872 1845 τούτους,
878 1763 932 1829 καὶ
944 1757 983 1827 τά
996 1769 1066 1828 των

108 1861 293 1946 συμμάχων
303 1864 358 1928 καὶ
374 1861 414 1929 τά
427 1869 496 1929 τοῖν
506 1861 693 1947 προσόδων,
707 1855 728 1928 ἀ
740 1858 773 1927 δ’
784 1856 865 1948 ήμῐν
876 1863 1009 1936 δικαίως
1019 1855 1064 1927 ἀν

108 1954 258 2044 ὑπῆρχεν
269 1961 306 2026 ἐκ
318 1967 375 2046 τῆς
388 1960 529 2046 εἰρήνης,
544 1956 633 2029 ταῦτ’
646 1957 721 2028 ἀνθ’
735 1951 783 2027 τόν
794 1958 953 2026 ἀπέδοντο
966 1956 1064 2027 αὐτοὶ

108 2062 307 2141 λογιζεσθαι.
339 2055 378 2125 ού
389 2057 455 2144 γάρ
470 2056 564 2127 ταῦτ’
578 2056 646 2127 ἀντ’
658 2062 795 2127 ἐκείνων
812 2061 966 2143 γέγονεν,
986 2054 1128 2131 ούδὲθτο

107 2161 236 2222 πολλοῦ
248 2159 307 2242 δεῖ,
320 2153 403 2224 ἀλλά
415 2163 518 2223 ταῦτα
529 2156 593 2241 μὲν
603 2148 646 2242 ήν
657 2150 831 2241 ἀνδμοίως
840 2152 935 2240 ήμῖν,
954 2157 1064 2223 ἐκεῖνα

108 2257 146 2320 δὲ
155 2253 285 2331 τούτοις
295 2249 338 2320 ἀν
349 2261 489 2339 προσῆν,
502 2260 533 2321 εἰ
539 2250 584 2338 μή
598 2250 651 2320 διὰ
663 2254 811 2330 τούτους.

61 2364 99 2419 91
184 2349 289 2430 ’Όλως
301 2349 344 2435 δ’,
358 2343 384 2417 ἀ
402 2349 522 2433 ἀνδρες
535 2348 721 2436 Ἀθηναῖοι,
735 2355 863 2417 δίκαιον
875 2347 983 2434 δήπον
994 2350 1064 2436 (μή-

107 2447 194 2516 σαιτ’
206 2447 346 2518 ἀνεῖναι
357 2448 445 2535 μήτ’,
459 2455 489 2516 εἰ
498 2447 602 2517 πολλοὶ
614 2451 669 2517 καὶ
680 2445 772 2516 δεινά
784 2444 828 2539 τά·
838 2445 1070 2533 συμβεβηκότ’.

107 2547 175 2615 ἐστὶ
186 2554 227 2634 τῆ
238 2548 349 2632 πόλει,
364 2544 506 2632 μηδενός
517 2545 548 2615 δ’
565 2551 722 2632 Αἰσχίνης
740 2555 842 2624 αἴτιος
853 2544 997 2628 τούτων,
1016 2551 1063 2624 εἰς

107 2652 229 2714 τοῦτον
239 2649 350 2713 ἐλθεῖν
366 2646 428 2732 τήν
446 2643 569 2733 ὀργήν,
583 2643 658 2733 μήτῗ
674 2655 707 2713 εδ
718 2670 750 2711 τι
766 2648 833 2711 τῶν
845 2640 991 2710 δεόντων
1002 2643 1065 2710 πέ-

105 2764 249 2825 πρακται
257 2738 297 2808 δι’
306 2738 410 2810 ἀλλον
418 2738 612 2826 τινά,τούτο
620 2745 724 2807 σῶσαι
732 2743 868 2804 τουτονί
874 2764 881 2780 ·
894 2734 962 2805 ἀλλ’
971 2735 1063 2806 ὅσων

104 2831 206 2914 οὗτος
218 2846 321 2918 αἴτιος
332 2841 535 2924 σκεψάμενοι
546 2840 601 2906 καὶ
612 2829 727 2924 χάριν,
740 2831 783 2904 ἀν
794 2837 916 2922 ταύτης
928 2834 1017 2919 ἀξιος
1027 2829 1061 2927 ᾗ,

104 2932 1062 3022 καὶτούναντίονόργῆν,ἀντοιαύταφαίνηταιπεποιηκώς,

58 3039 264 3099 θκποιεϊσθε.
296 3038 367 3121 πῶς
379 3024 443 3098 οὖν
464 3031 619 3116 εὑρήσετε
641 3038 745 3097 ταῦτα
764 3033 910 3107 δικαίως;
933 3030 992 3097 ἐὰν
1012 3029 1058 3116 μή

104 3124 206 3198 πάνθ’
221 3125 289 3214 ἅμα
301 3129 379 3195 ἐᾶτε
390 3127 561 3212 ταράττειν
581 3125 702 3213 αύτδν,
723 3124 764 3194 τά
780 3134 849 3197 τῶν
866 3135 1061 3212 στρατηγῶν

101 3224 300 3314 ἀδικήματα,
311 3224 372 3295 τόν
381 3226 528 3312 πόλεμον
539 3223 599 3294 τόν
612 3223 694 3311 πρός
704 3231 887 3310 Φίλιππον,
896 3220 988 3291 ’τάπδ
1001 3231 1060 3311 τῆς

102 3327 235 3412 εἰρήνης
245 3323 369 3410 ἀγαθά,
380 3322 448 3392 ἀλλ’
461 3327 602 3394 ἕκαστον
613 3321 798 3411 ἐφ’.ἑαντού
809 3329 962 3407 σκοπῆτε.
985 3316 1060 3389 οἷον
1082 3398 1085 3403 ,
1111 3368 1116 3373 -

100 3415 232 3509 ήνήμλν
242 3423 384 3509 πόλεμος
394 3423 477 3509 πρὸς
488 3429 669 3505 Φίλιππονς
691 3416 744 3511 ῆν.
783 3415 916 3488 ἐνταῦθ’
929 3421 1084 3503 ἐγκαλεῖ-
