2340 3894
206 195 335 258 ΠΕΡΙ
365 196 474 257 ΤΗΣ
502 196 960 259 ΠΑΡΑΠΡΕΣΒΕΙΑΣ
997 195 1060 261 297

64 373 99 426 25
196 362 265 423 Τού
280 354 378 441 χάριν
396 353 437 441 δὴ
455 352 557 422 ταῦθ’
577 353 751 442 ὑπέμνησα
769 366 884 441 πρῶτα
899 354 1061 441 νῦνύμάς

105 455 162 522 καὶ
180 457 359 539 διεξῆλθον
377 455 517 530 τούτους
533 451 758 538 τούςλόγονς;
779 455 853 533 ένὸς
863 454 986 541 μὲν,’
963 480 988 521 ω
999 453 1062 521 άν-

106 559 183 639 δρες
191 552 378 638 Ἀθηναίω,
390 551 532 636 μάλιστα
541 554 596 619 καὶ
609 552 754 638 πρύτοα,
765 557 821 629 ἵνα
832 551 975 640 μηδείς’
954 579 1061 639 νμων,

105 651 243 718 ἐπειδάν
252 679 284 718 τι
293 647 480 734 λέγοντος’
460 651 569 737 ακούη
580 676 645 735 μον
657 659 725 719 τοῖν
735 655 995 740 πεπραγμένων,
1008 653 1062 718 καί
1070 645 1122 714 349

105 753 189 837 δοκῇ
202 747 313 817 δεινὸν
325 746 483 838 αὐτῷκαὶ
492 748 704 836 ὑπερβάλλον
715 750 815 835 εἶναι,
824 749 914 819 “slva
924 746 986 818 τότ’
1000 746 1062 817 ούιι

60 845 441 936 σθ”ἕλεγεςπαραχρῆμα
450 854 555 917 ταῦτα
567 846 644 916 ούδ”
655 851 823 927 ἐδίδασκες
832 846 951 941 ἡμάς;”
972 857 1063 915 θαν-

104 945 207 1032 μάζή,
219 943 304 1014 άλλά
316 949 518 1032 μεμνημένοι
528 945 589 1026 τάς
599 944 793 1032 ὑποσχέσεις
802 946 861 1024 τάς
870 945 1011 1030 τούτων,
1023 941 1062 1027 δὶς

104 1042 161 1128 ἐφ’
180 1043 329 1111 ἑκάστων
346 1044 541 1129 ποιούμενοι
552 1053 627 1138 Ιτοῖν
641 1054 770 1131 καιροῐν
785 1045 1062 1128 έξέκλειονλύγον

102 1142 280 1227 τυγχάνειν
295 1140 374 1220 τοὺς
390 1140 528 1226 άλλονς,
550 1146 605 1213 καὶ
621 1141 685 1228 τῆν
701 1147 898 1229 ἐπαγγελίαν
908 1142 970 1228 τῆν
979 1141 1062 1211 τού-

105 1265 168 1308 τον
179 1242 304 1327 ταύτην
313 1238 375 1327 τῆν
386 1240 492 1326 κωλῆν
500 1290 509 1323 ,
528 1239 639 1325 εἰδῆθ’
652 1239 704 1309 ὅτι
712 1240 796 1323 πρὸς
807 1239 911 1308 άπασι
921 1255 990 1318 τοῖς
999 1238 1059 1306 άλ-

103 1347 176 1416 λοις
185 1342 242 1406 καὶ
252 1347 351 1407 τούτο
361 1336 520 1426 ἠδίκησθ’
535 1335 593 1404 ὑπ’
605 1334 712 1404 αὐτού
719 1387 729 1423 ,
748 1336 800 1404 ὅτι
809 1333 940 1421 τάληθῆ
951 1361 1059 1419 παρα-

103 1444 214 1523 χρῆμα
223 1440 278 1505 καὶ
289 1434 378 1522 ἡνίκ’
391 1440 458 1504 ἔδει
468 1436 706 1504 πυνθάνεσθαι
717 1434 943 1520 διεκωλύθητέ
953 1436 1060 1501 ἐλπίσι

59 1537 162 1610 mal
174 1550 388 1620 φενακισμοῖς
399 1539 455 1603 καὶ
465 1534 682 1621 ὑποσχέσεσιν
693 1534 945 1620 έξαπατιύμενοι
968 1531 1061 1615 πρά-

102 1659 165 1701 τον
176 1632 236 1718 μέν
245 1633 369 1701 τούτου
379 1635 434 1701 καὶ
445 1631 598 1719 μάλισθ’,
610 1627 716 1719 ούπερ
728 1632 871 1720 εἶπον,-
850 1658 947 1700 ενεκα
957 1637 1060 1699 ταῦτα

103 1734 296 1816 διεξῆλθον,
319 1735 477 1853 δεμτέρον
494 1734 529 1800 δὲ
540 1739 646 1814 τίνοςς
667 1737 722 1801 καὶ
739 1731 840 1802 οὐδέν
856 1720 1061 1818 έλάττονοςῆ

101 1831 241 1915 τούτου,
263 1833 319 1896 ινα
329 1856 391 1916 την
402 1856 441 1897 οτ
444 1826 745 1917 αδωροδοιιητος
726 1856 854 1918 νπηρχε
865 1837 1059 1918 προαίρεσιν

90 1925 210 1995 αὐτοῦ
218 1934 277 2012 τῆς
288 1923 451 2006 πολιτείας
461 1925 777 2016 ἀναμνησθέντες,
754 1956 798 2008 ως
805 1931 1057 2050 προβεβλημένη

100 2023 202 2095 καί
180 2046 315 2104 απιστος
331 2019 375 2113 ῆν
391 2025 474 2113 πρὸς
490 2025 551 2096 τὸν
573 2036 755 2115 Φιλιππον,
776 2026 839 2114 τῆν
855 2027 940 2114 μετὰ
961 2024 1054 2094 ταῦτ’

58 2154 93 2209 23
102 2128 449 2209 έξαίφνηςγεγοννίαν
460 2131 570 2193 πιστιν
580 2129 635 2194 καὶ
646 2133 762 2213 φιλίαν
771 2132 952 2212 οκεψησθε,
965 2123 1016 2192 εἰτ’
1029 2129 1059 2192 εί

101 2223 164 2309 μὲν
181 2226 360 2310 ἐκβέβηκεν
380 2220 429 2290 ὅσ
440 2221 619 2309 άτιῆγγειλε
633 2223 717 2308 πρὸς
728 2222 813 2308 ὑμᾶς
824 2216 920 2301 οὖτος
931 2225 1058 2290 καὶνα-

99 2329 169 2401 λοῐς
179 2326 245 2404 ἔχει
255 2317 295 2387 τά
308 2325 532 2406 πεπραγμένα,
545 2321 600 2388 διά
611 2323 673 2407 τῆν
683 2319 848 2405 άλῆθειαν
858 2322 913 2387 καὶ
923 2317 961 2386 τὸ
973 2337 1058 2404 σύμ

100 2421 210 2505 φέρον
224 2427 265 2506 τῆ
283 2418 377 2486 πόλει
390 2427 593 2504 γεγενῆσθαι
603 2426 776 2506 νομίσητε,
795 2425 825 2487 εί
834 2419 870 2486 δὲ
880 2418 988 2486 πάντα
998 2415 1059 2484 τίε-

101 2523 220 2595 ναντία
232 2508 281 2585 οἶν
292 2509 471 2596 οὗτος-εἶπε
482 2522 679 2605 πέπρακται,
692 2520 749 2586 καὶ
757 2514 886 2603 πολλῆν
897 2516 1058 2601 αἰσχύνην

99 2617 157 2683 καὶ
168 2615 332 2702 μεγάλους
348 2615 528 2695 κινδύνους
546 2615 639 2684 ταῦτ’
659 2622 725 2703 ἔχει
739 2622 780 2704 τῆ
798 2614 909 2700 πόλει,
932 2613 986 2682 διά
997 2615 1073 2700 τῆν,

100 2719 355 2800 αίσχροκερδίαν
376 2713 438 2800 τῆν
447 2717 568 2783 ἑαυτοῦ
576 2719 631 2784 καὶ
639 2715 676 2783 τά
686 2710 1059 2801 χρημάτωνάποδόσθαι

98 2813 232 2900 τάληθῆ
247 2818 533 2901 μεταβεβλημένον
543 2813 648 2882 αύτδν
658 2820 773 2902 εἰδῆτε.

58 2940 92 2996 29
186 2912 356 2997 Βούλομαι
377 2909 421 2996 δ’,
453 2904 630 2999 ἐπειδήπερ
654 2918 700 2990 είς
719 2913 860 2989 τούτους
881 2910 1057 2996 προήχθην

64 3058 67 3063 -
98 3007 180 3088 τούς
190 3009 321 3093 λόγους,
330 3007 371 3077 ὃν
381 3010 509 3092 τρόπον
518 3010 558 3078 τά
569 3015 644 3095 περὶ
654 3011 732 3088 τοὺς
740 3015 877 3088 Φωκέας
887 3005 1054 3095 πράγμαθ’

99 3104 861 3193 ύμοῖνπαρείλοντο,κράτονείπεῑνὰπάντων.
886 3109 1057 3192 δελδὲμη-

102 3206 182 3273 δένα
193 3201 308 3290 ύμοίν,
320 3197 347 3272 ά
357 3206 478 3290 ἄνδρες
488 3209 638 3275 δικασταὶ
645 3256 655 3292 ,
667 3213 714 3284 είς
725 3205 762 3274 τὸ
774 3214 843 3274 τῶν
852 3205 1056 3301 πραγμάτων
1065 3218 1118 3272 350

101 3306 246 3386 μέγεθος
256 3306 423 3389 βλέψαντα
434 3311 564 3389 μειζονς
573 3307 633 3385 τάς
643 3310 841 3391 κατηγορίας
856 3305 912 3371 ναὶ
928 3302 987 3382 τὰς
1003 3307 1057 3369 αλ·

99 3407 172 3481 τίας
187 3409 248 3486 τῆς
262 3402 385 3470 τούτου
400 3404 497 3490 δόξης
513 3412 664 3491 νομίσαι,
684 3400 758 3472 ἀλλ’
771 3403 869 3471 ἐκεῖν’
882 3399 988 3485 ὁρᾶν,
1006 3399 1058 3469 ὅτι
