2340 3894
356 217 753 285 ΟΑῬΝΘΙΑΚΟΣ
781 222 818 283 Γ.
1025 224 1067 289 31

107 377 384 464 στρατευόμενοι,
403 377 501 462 μόνοι
518 378 554 445 δδ
571 373 766 464 ἀνθρώπων
778 388 914 465 κρείττω
931 381 995 470 τήν
1014 387 1069 454 ἐπὶ

73 488 176 555 λῦτοῑς
186 481 296 596 ἔργοις
308 476 411 556 δόξαν
421 502 490 543 των
499 477 726 561 φθονούντων
736 484 920 550 κατέλιπον.
942 485 996 550 ἰπί
1007 486 1070 569 μὲν

108 574 154 659 δή
161 581 231 642 τῶν
237 567 474 660 Ἑλληνικων
451 594 539 660 ησαν
556 584 715 644 τοιοῦτοι·
738 581 775 645 ἰν
787 579 823 648 δί
834 596 903 660 τοίς
912 582 995 649 κατὰ
1007 579 1070 668 τήν

107 673 207 752 πόλιν
215 673 325 761 αὐτήν
340 671 546 743 θεάσασθε“
531 689 639 742 οποῐοι
656 679 693 743 ἔν
705 702 740 744 τε
749 692 820 757 τοῖς
829 693 957 757 κοινοῖς
965 681 1021 747 καί
1031 683 1069 748 ἐν

107 787 176 851 τοῖς
203 776 309 851 ἰδίοις.
353 776 494 859 δημοσίᾳ
515 772 577 857 μὲν
604 779 720 841 τοίνυν
745 777 991 864 οἰκοδομήματα
1013 782 1069 845 καί

109 872 214 956 κάλλη
231 878 372 939 τοιαῦτα
388 873 444 938 καὶ
454 879 600 939 τοσαῦτα
616 873 864 945 κατεσκεύασαν
874 875 954 963 ήμίν
966 881 1068 961 ἱερῶν

108 974 243 1036 καὶτῶν
254 973 291 1037 ἐν
301 967 432 1046 τούτοις
448 967 677 1055 ἀναθημάτων
693 971 777 1040 ὥστε
788 976 982 1060 μηδενίτάν
993 979 1065 1044 ἐπι·
1128 1038 1135 1054 ,

106 1071 317 1154 γιγνομένων
333 1065 523 1154 ὑπερβολήν
539 1077 727 1153 λελεῖφθαι·
749 1076 817 1159 ἰδίᾳ
838 1071 871 1140 δ’
888 1071 977 1142 ούτω
995 1074 1066 1142 σά-

108 1193 233 1253 φρουες
242 1159 330 1253 ήσοιν
340 1170 395 1234 καί
406 1161 538 1250 σφόδρα
548 1170 585 1233 έν
598 1174 645 1255 τῷ
664 1176 721 1253 τῆς
738 1177 902 1248 πολιτείας
917 1171 995 1256 ήθει
1005 1175 1065 1257 με’-

77 1282 223 1344 *ὶθνοντες
246 1264 330 1332 ὥστε
347 1263 408 1350 τήν
428 1262 628 1348 Ἀριστείδου
644 1268 699 1333 καί
721 1266 782 1352 τήν
799 1271 988 1337 Μιλτιάδου
1008 1272 1065 1338 καὶ

110 1373 177 1433 τῶν
184 1364 262 1432 τότε
273 1369 435 1448 λαμπρῶν
447 1369 555 1431 οἰκίαν
571 1373 605 1430 εί
612 1391 660 1442 τις
674 1364 738 1446 ύρα
755 1365 845 1433 οἶδεν
861 1364 956 1452 ὑμῶν
967 1366 1065 1435 ὁποία

108 1461 174 1532 ποτ’
188 1464 289 1545 ἐστὶν,
302 1458 367 1548 δρηλ
376 1467 434 1546 τῆς
447 1469 509 1528 τού
522 1468 670 1546 γείτονος
680 1460 781 1531 ον’δλν
792 1465 994 1548 σεμνοτέραν
1002 1457 1065 1531 ού-

90 1582 185 1647 σαν·
208 1558 251 1628 ού
273 1557 337 1645 γάρ
354 1565 399 1637 εἰς
420 1567 615 1644 περιουσίαν
637 1561 812 1644 ἐπράττετο
833 1560 946 1641 αὐτοῖς
956 1561 996 1630 τά
1006 1570 1067 1648 τῆς

109 1661 244 1746 πόλεως,
256 1659 341 1728 άλλά
352 1657 389 1726 τό
402 1659 520 1728 κοινδν
531 1659 645 1739 αὔξειν
662 1661 800 1738 ἕκαστος
816 1659 897 1751 ᾤετο
916 1666 995 1729 δεῖν.
1028 1664 1064 1729 ἐκ

110 1760 143 1828 δὲ
152 1770 214 1829 τού
226 1757 265 1827 τά
278 1761 339 1845 μὲν
346 1756 516 1844 Ἑλληνικά
529 1765 666 1841 πιστῶς,
682 1758 722 1825 τά
734 1760 768 1826 δὲ
779 1758 862 1842 πρὸς
871 1756 951 1838 τούς
960 1758 1066 1837 θεούς

111 1858 265 1948 εύσεβοίς,
283 1857 324 1927 τά
343 1856 373 1925 δ’
389 1861 427 1926 ἐν
444 1856 556 1936 αὐτοῖς
574 1868 653 1945 ίσως
663 1861 802 1926 διοικεῖν
812 1858 960 1944 μεγάλην
974 1858 1064 1926 είκύ-

79 1970 171 2037 ’ὶλτως
187 1958 368 2043 ἐκτήσαντο
387 1954 611 2042 εὐδαιμονίαν.
641 1958 716 2025 τότε
734 1957 795 2042 μὲν
813 1955 853 2043 δή
871 1954 1063 2027 τούτουτὸν

109 2057 236 2141 τρόπον
246 2053 357 2142 είχε
322 2081 361 2125 τα
373 2055 549 2141 πράγματα
560 2058 706 2141 ἰκτίνοις,
719 2061 898 2175 χρωμένοις
908 2054 999 2134 οἷς
968 2080 1063 2124 ειπον

108 2156 320 2242 προστάταις·
339 2156 416 2222 νυνί
434 2157 469 2222 δὲ
484 2162 555 2232 πῶς
572 2152 653 2274 ἡμῖν
670 2151 735 2220 ύπδ
747 2181 816 2222 των
832 2163 983 2240 χρηστῶν
994 2177 1062 2222 των

107 2265 171 2324 νῦν
185 2257 227 2323 τά
244 2254 420 2339 πράγματα
437 2259 515 2338 ἔχεις
539 2246 606 2338 άρά
623 2278 661 2336 γε
679 2250 799 2337 ὁμοίως
815 2257 870 2320 καί
886 2261 1061 2338 παραπλη-
1069 2277 1105 2332 ςς

108 2363 199 2434 σίως;
221 2361 306 2422 053·-
317 2353 359 2419 τά
373 2353 434 2438 μὲν
445 2352 530 2420 άλλοι
543 2359 669 2434 σιωπαί,
683 2348 774 2417 πόλλ’
792 2345 834 2415 άν
851 2355 934 2432 ἔχων
947 2355 1031 2421 είπεί
1017 2363 1059 2433 ίν,

108 2453 173 2524 ἀλλ’
188 2453 270 2539 ὅσης
292 2449 435 2530 ἅπαντες
455 2449 592 2535 ὁράτε’
576 2455 711 2535 ερημίας
732 2450 980 2532 ἐπειλημμένοι,
1007 2451 1062 2514 καί

107 2556 381 2638 Λακεδαιμονίων
397 2550 458 2635 μέν
472 2546 711 2629 ἀπολωλότων,
737 2551 893 2631 Θηβαίων
911 2541 941 2610 δ’
960 2541 1062 2630 άσχύ-

107 2663 172 2720 λων
184 2650 306 2732 ὄντων,
318 2656 387 2717 τάν
397 2647 431 2717 δ’
439 2647 552 2715 ἄλλων
563 2642 701 2723 ούδενδς
712 2643 809 2720 ὄντος
818 2640 976 2727 ἀξιόχρεω
987 2649 1062 2730 περὶ
1160 2707 1162 2712 ,

106 2760 170 2819 τῶν
191 2756 371 2834 πρωτείων·
386 2745 465 2833 ἡμίν
487 2744 731 2829 ἀντιτάξασθαι,
752 2743 826 2823 ἐξὸν
847 2739 927 2828 ήμιλν
947 2745 1003 2810 καί
1022 2744 1062 2811 τά

104 2845 228 2936 ἡμέτερ’
242 2847 356 2915 αὐτῶν
377 2845 535 2931 άσφαλοὸς
557 2849 642 2929 ἔχειν
663 2845 719 2910 καί
739 2840 780 2908 τά
796 2847 865 2908 τῶν
881 2842 993 2910 ἄλλων
1011 2848 1063 2911 δι’·

105 2975 180 3017 κατα
203 2947 405 3034 βραβεύειν,
440 2943 693 3030 ἀπεστερήμεθα
714 2941 776 3026 μέν
796 2941 905 3027 χώρας
927 2949 1061 3028 οἰκείοις,

73 3051 207 3117 λδιιλείω
218 3045 254 3115 δ’
266 3042 289 3132 ή
305 3053 391 3131 χίλια
408 3047 463 3112 καί
475 3043 676 3112 πεντακόσια
685 3042 831 3108 τάλαντα
843 3038 1062 3128 ἀνηλώκαμεν

107 3154 149 3228 εἰς
159 3146 265 3216 οὐδὲν
276 3150 364 3231 δέον,
383 3141 442 3222 οὓς
458 3142 487 3210 δ’
503 3148 541 3211 ἐν
556 3153 604 3231 τῷ
614 3143 747 3228 πολέμω
760 3139 953 3225 συμμάχους
965 3144 1061 3224 έκτη,
1099 3169 1102 3173 ’

107 3247 294 3332 σάμεθα,ε
279 3243 413 3364 είρήνης
431 3242 534 3329 ούσης
546 3240 796 3309 απολωλεκασιν
806 3265 914 3322 ουτοι,
937 3235 1061 3322 έχθρόν

108 3339 135 3410 δ’
146 3341 229 3431 ἰιμΗ
208 3351 297 3430 ημᾶς
308 3367 432 3420 αυτούς
446 3350 642 3427 τηλικούτου
658 3339 858 3425 ήσκηκαμεν.
888 3332 1061 3422 ήφρασύ-
1126 3350 1129 3355 ’

107 3470 150 3512 τω
160 3470 209 3523 τις
218 3443 293 3525 ἐμοὶ
303 3438 495 3525 παρελθων,
503 3440 612 3508 ποθεν
624 3439 770 3506 άλλοθεν
783 3429 1063 3519 ἰσχυρδςγέγονειι
