2340 3894
155 202 196 268 56
377 204 424 261 Vl.
457 199 883 264 ΔΗΜΟΣΘΕΝΟΤΣ

155 374 265 432 λιππον
275 389 355 429 αποκ
356 369 457 449 ίσεως
467 364 519 428 καί
529 385 604 446 προς
614 387 667 438 τας
676 356 790 439 πολεις
793 359 875 466 πρὸς
886 358 1118 467 μὲντάςπύλεις,

154 476 201 516 οτι
212 440 294 515 εύνοι
304 391 373 530 μένρ
369 452 425 512 ιίσι
418 450 685 549 Λακεδαιμονίοις
703 448 754 511 καὶ
770 443 825 528 τὴν
840 455 899 511 τοῖν
914 442 1057 556 Ἀργείων
1067 452 1119 513 καί

155 530 339 639 Μεσσηνίων
358 557 444 635 μετα
418 527 595 595 Φιλίππου
613 527 754 593 σύστασιν
772 533 823 594 καί
839 539 960 612 μισοῦσι
979 527 1117 596 καὶύπο-

155 614 330 719 πτεύουσιν,
354 610 389 680 ού
407 608 469 697 μὴν
480 609 700 720 ἀποφήνασθαι
711 611 854 679 δύνανται
866 617 967 678 δίκαια
977 611 1159 717 πράττεινθό

155 696 224 777 τούς
234 704 370 764 Λακεδαι
393 701 506 774 ονίους·
529 721 604 800 προς
617 697 648 760 δὲ
658 721 710 760 ιον
726 694 914 801 Φίλιππον,
898 722 942 762 οτι
954 696 1117 781 διημαρτή-

156 802 227 848 κασι
237 784 290 866 μὲν
302 773 344 848 ὧν
353 780 516 889 ἤλπισαν,
515 776 551 844 ού
563 775 624 887 999
634 775 680 843 ύπ
678 774 813 845 ’ἐκείνου
824 807 858 864 γε
870 776 961 846 αύτου
948 786 1118 846 δοκοῦσιν

156 869 374 950 ἐξηπατῆσθαι·
398 864 465 929 ούτε
460 860 538 967 γάρ
550 873 613 938 ταῖς
625 865 790 968 ἐπιστολαῖς
802 867 849 928 ἐνέ
848 861 993 949 γραψενὸ
1007 869 1117 929 Φίλιπ-

155 975 211 1028 πος
231 954 413 1056 ἐπαγγελίαν
434 943 595 1050 οὐδεμίαν,
614 945 681 1011 ούτε
702 943 754 1012 διά
775 952 887 1012 τῶνίδ
888 953 943 1014 ίεον
945 951 1117 1053 πρέσβεων

155 1032 310 1116 ἐποιήσατό
319 1059 388 1097 τινα
398 1030 574 1128 ὑπόσχεσιν,
578 1025 653 1095 ἀλλά
671 1026 841 1135 Ἀθηναίων
851 1035 927 1109 τινὲς
937 1023 1014 1116 ἦσαν
1025 1037 1057 1096 οἱ
1064 1028 1117 1097 τὸν

154 1123 250 1200 δῆμον
267 1122 307 1194 είς
324 1119 428 1181 ἐλπίδα
445 1113 675 1219 καταστήσαντες
694 1111 733 1190 ὡς
747 1120 895 1192 Φίλιππος
916 1119 1039 1192 Φωκέας
1058 1135 1117 1180 σω-

154 1224 197 1267 σει
209 1196 328 1284 κοίτην
341 1205 440 1309 Θηβ
439 1226 481 1264 ων
497 1196 587 1284 ύβριν
608 1197 772 1263 καταλύσει.
808 1195 858 1263 διὰ
878 1207 962 1263 τοῦτο
985 1196 1116 1306 ὃΔρμρ-

155 1287 266 1389 σθέννρς
287 1293 346 1349 τῶν
368 1283 554 1388 ἀποκρίσεων
575 1284 755 1392 999695229'
741 1307 834 1387 επαγγ
837 1287 945 1347 ἐλλεται
956 1282 1058 1365 μέν’
1022 1279 1116 1359 αυτάς

157 1367 270 1470 δώσειν,
294 1371 367 1451 φησί
389 1365 448 1433 δέ”
432 1393 477 1478 ρτι
488 1366 605 1431 δίκαιον
616 1394 656 1450 ην
665 1392 734 1440 τους
744 1362 799 1447 τὴν
811 1369 982 1471 δυσχέρειαν
991 1391 1115 1474 πεπειρ-

156 1477 243 1528 κοτας
255 1454 384 1530 ἐκείνους
395 1479 446 1516 και
457 1447 509 1528 τάς
521 1445 690 1553 ἀποκρίσεις
700 1445 901 1528 ἀπαιτεῖσθαι,
918 1446 987 1527 τούς
999 1446 1115 1534 ἀπατή-

94 1607 98 1616 ,
156 1556 272 1617 σαντας,
295 1540 379 1640 φησί,
400 1561 453 1601 τον
477 1539 572 1617 δῆμον
594 1529 831 1612 καλάνοίξαντας
847 1541 986 1623 Φιλίππω
998 1535 1114 1611 Πύλας.

155 1628 246 1685 ταῦτα
258 1621 290 1683 δὲ
301 1618 379 1697 εἰς
301 1645 404 1685 ειον
414 1622 560 1722 Αίσχίρνρν
572 1621 736 1701 αἰνίττεται,
758 1600 1115 1703 προκατασκευαζόμενος,

156 1700 195 1780 άς
217 1724 299 1784 φασι,
321 1699 377 1786 τὴν
398 1697 458 1767 κατ’
483 1697 576 1766 αύτοῦ
596 1706 776 1806 κατηγορίαν
797 1709 848 1785 τῆς
869 1707 1115 1810 παραπρεσβείας,

150 1783 194 1893 ἡν
204 1785 326 1872 ύστερον
338 1783 525 1870 ἐνεστήσατο,
549 1786 600 1848 καί
617 1783 846 1870 προδιαβάλλων
858 1813 950 1893 αυτον
960 1812 1035 1871 προς
1046 1783 1118 1863 τούς

150 1865 338 1952 ’.Αθηναίονς

230 2049 342 2135 Ὅταν,
355 2077 381 2117 ω
369 2042 514 2135 ἀνδρες
527 2046 716 2135 Ἀθηναῖοι,
735 2048 829 2134 λόγοι
844 2057 1024 2135 γίγνωνται
1039 2053 1117 2137 περὶ

62 2151 65 2155 ’
155 2141 205 2218 ἀν
217 2155 382 2226 Φίλιππος
401 2147 604 2230 πράττεινκαὶ
620 2142 764 2235 βιάζεται
781 2147 872 2232 παρὰ
891 2146 954 2234 τὴν
965 2148 1115 2241 είρήνην,

155 2247 207 2318 ἀεὶ
217 2249 296 2326 τούς
307 2244 391 2332 ὑπὲρ
398 2244 495 2334 ἡμῶν
505 2246 687 2332 λόγουςκαὶ
698 2250 847 2324 δικαίους
853 2249 909 2313 καί
916 2240 1133 2332 φιλανθρά-’

156 2372 240 2427 πους
250 2345 324 2434 6903-
332 2351 572 2432 φαινομένους,
589 2349 644 2413 καλ
662 2349 769 2430 λέγειν
779 2345 842 2429 μὲν
851 2344 998 2423 ἅπαντας
1009 2343 1063 2412 ἀεὶ
1074 2344 1115 2424 τά

156 2449 275 2516 δέοντα
287 2450 472 2530 Ιδοκοῦντας
490 2443 569 2524 τούς
579 2451 848 2530 κατηγοροῦντας
860 2451 1045 2529 Φιλίππου,
1061 2471 1117 2528 γι-

156 2547 325 2631 γνόμενον
343 2542 376 2612 δ’
396 2543 497 2610 οὐδὲν
517 2541 562 2621 ὡς
581 2548 659 2620 ἔπος
676 2548 779 2610 εἰπεῖν
795 2549 865 2610 τῶν
882 2544 1030 2611 δεόντων
1042 2540 1115 2611 οὐδ’

129 2672 146 2723 9
158 2635 206 2710 άν
217 2645 314 2710 ἕνεκα
324 2638 412 2709 ταῦτ’
426 2637 563 2707 ἀκούειν
568 2640 677 2724 ἀξιον·
689 2638 759 2707 ἀλλ’
766 2646 812 2720 είς
822 2648 921 2712 τούτο
932 2640 995 2729 ἤδη
1007 2665 1115 2728 προη-Ι
1123 2660 1160 2716 66

156 2742 261 2825 γμένοι
278 2738 436 2824 τυγχάνει
449 2736 558 2805 πάντα
579 2737 620 2807 τά
641 2739 818 2857 πράγματα
846 2748 885 2827 τῇ
902 2740 996 2809 πόλει
1028 2737 1111 2807 ὥσθ’

159 2839 225 2927 ὅσῳ
241 2864 290 2915 τις
305 2833 349 2905 άν
365 2834 493 2922 μάλλον
503 2839 559 2905 κοιλ
579 2837 815 2922 φανερώτερον
831 2841 979 2925 ἐξελέγχῃ
991 2845 1116 2906 Φίλιπ-

157 2961 223 3004 πον
232 2934 334 3004 καὶ
298 2963 359 3024 την
370 2934 456 3021 πρὸς
467 2932 595 3020 ύμάςεί
594 2961 701 3023 ρηνην
707 2942 857 3023 παραβα
854 2962 957 3005 νοντα
964 2938 1020 3004 καλ
1030 2944 1115 3004 πάσι

156 3048 224 3113 τοῖς
226 3033 382 3122 Ἐλλησιν
393 3036 667 3123 ἐπιβουλεύοντα,
678 3035 828 3127 τοσούτω
839 3063 876 3104 το
866 3036 924 3104 τί
929 3033 990 3123 χρὴ
1003 3049 1115 3103 ποιεῖν

129 3142 405 3223 ςσυμβονλεῦσαι
421 3133 652 3222 χαλεπώτερον
670 3123 762 3203 εἶναι.
798 3104 905 3204 ἀίτιον
923 3133 1113 3218 δέτούτων,

157 3231 209 3302 ὅτι
218 3233 355 3318 πάντας,
368 3261 394 3301 ω
382 3226 542 3321 άνδρες’
537 3242 716 3320 Αθηναῖοι,
733 3232 813 3313 τούς
829 3243 1041 3301 πλεονεκτεῖν
1055 3236 1114 3319 ζη-

157 3341 297 3411 τοῦντας
307 3337 390 3418 ἔργῳ
402 3333 547 3399 κωλύειν
557 3333 611 3399 καί
622 3332 805 3417 πράξεσιν,
816 3330 890 3418 οὐχί
899 3331 1012 3417 λόγοις
1022 3334 1112 3418 δέον,

156 3436 290 3514 πρῶτον
301 3434 363 3515 μὲν
372 3426 465 3514 ἡμεῖς
475 3433 509 3497 oc
517 3427 691 3512 παριόντες
700 3432 830 3500 τούτων
840 3429 1113 3518 μλνάφέστοιμεν,
