2340 3894
290 218 436 282 ΚΑΤΑ
458 219 726 282 Φικιιιιιου
744 216 784 281 A.
971 220 1013 283 ετ
1044 200 1048 207 ’

53 387 121 447 τόν
131 382 308 447 εἰωθότων
324 379 462 500 χνύμην
480 377 741 466 ἄπεφηναντο,ε
727 381 874 503 είχιὲν
850 403 969 469 ηρεσκε
965 388 1015 452 ’τί

54 485 188 564 μοιτων
198 502 266 545 υπο
277 504 407 545 τουτων
417 481 601 565 ῥηθέντων,
614 477 788 565 ησνχίαν
768 507 811 546 αν
820 487 963 565 ηγον,
933 482 1010 549 είδέ

54 603 107 662 μη,
118 601 179 643 τοτ
200 603 244 643 αν
255 602 358 655 αυτος
367 573 773 662 έπειρωμηναχιχνωσκω
784 582 907 662 λεγειν
922 582 1011 646 ἐπει·-

55 673 92 761 δὴ
103 676 141 742 δὲ
151 667 267 760 περὶ
239 700 290 740 ων
300 675 458 753 πολλακις
465 669 685 761 είρηκασιν
642 702 735 744 ουτοι
748 677 913 762 πρότερον
925 700 1010 762 συμ-

54 781 171 861 βαίνει
171 777 227 842 καὶ
239 776 317 842 νυνὶ
328 789 474 860 σκοπείν,
493 772 638 860 ἡγοῦμαι
655 779 710 843 καὶ
720 783 851 859 πρῶτος
862 773 1009 854 ἄναστάς

55 868 221 950 Among*
199 899 244 939 αν
254 851 452 993 στηχνύμης
462 872 646 959 τυγχάνειν.
671 882 701 943 εί
709 877 774 960 γὰρ
785 879 820 942 ἐκ
832 883 894 942 τοῦ
905 899 1009 960 παρε-

55 970 242 1056 ληλυθότος
262 971 387 1055 χρόνον
408 969 448 1037 τίι
470 974 587 1039 δέοντα
609 965 702 1040 οὑτοι
724 973 1006 1085 συνεβούλευσαι,

57 1065 190 1137 οὑδλν”
167 1094 212 1136 αν
223 1066 310 1153 ὑμεῖς
320 1077 385 1136 νῦν
396 1073 462 1136 ἔδει
472 1071 704 1156 βουλεύεσθαι

38 1189 49 1239 ι
134 1167 325 1250 Πριότον
291 1193 351 1251 μεν
361 1159 425 1234 οὖν
435 1167 497 1235 ούκ
509 1166 715 1256 ἀθυμητέον,
735 1197 761 1238 ω
750 1163 893 1254 ἄνδρες
905 1169 1009 1257 Ἀθη-

55 1279 157 1350 ναίοι,
179 1279 248 1342 τοῖς
259 1274 403 1351 παροῦσι
413 1289 619 1352 πραγμασιν,
641 1266 715 1334 οὐδ’
731 1270 859 1337 είπόνυ
870 1271 1008 1353 φαύλως

56 1370 137 1449 ἒχειν
149 1369 250 1430 δοκεῖ.
286 1361 379 1450 ὃχύρ
397 1368 465 1432 ἐστι
481 1373 646 1449 χείριστον
657 1364 768 1433 αὑτων
780 1370 815 1434 ἐκ
826 1375 888 1434 τοῦ
904 1390 1006 1450 παρε-

56 1462 243 1549 ληλυθότος
252 1462 387 1546 χρόνον,
404 1469 503 1529 τοῦτο
516 1462 599 1547 πρός
612 1463 653 1529 τὰ
664 1466 826 1548 μέλλοντα
837 1466 1007 1548 βέλτιστον

57 1558 202 1645 ὑπάρχει.
227 1564 261 1625 τί
268 1551 332 1625 ούν
342 1562 410 1626 ε’στι
422 1567 537 1640 τοῦτο;
554 1559 606 1627 ότι
617 1557 727 1645 οὐδὲν,
740 1554 767 1627 ό
778 1559 1009 1646 όίνδρεςἈθη-

56 1675 156 1745 ναῖοι,
178 1666 248 1725 των
265 1658 411 1726 δεόντων
427 1660 617 1727 ποιούντων
633 1657 730 1745 ὑμεῖν
747 1667 857 1738 κακῶς
868 1657 909 1726 τίι
921 1661 1009 1745 πρύ-

57 1784 159 1843 χματα
182 1764 264 1841 ἔχει,
283 1761 357 1824 ἐπεί
373 1778 424 1824 τοι
442 1763 473 1825 εί
488 1755 587 1825 πάνθ’
602 1755 781 1844 ὑπροσῆκε
793 1758 1008 1842 πραττόντων

59 1856 160 1935 οὑτως
178 1854 279 1941 εἶχεν,
302 1854 376 1922 οὐδ’
391 1852 435 1923 όίν
451 1860 538 1935 ἐλπὶς
556 1852 600 1943 ἦν
613 1855 697 1924 αύτίι
709 1866 827 1944 βελτίω
838 1864 1005 1943 γενέσθαι.

44 1961 163 2023 λέπειτα
180 1957 390 2041 ἐνθυμητέον
401 1958 455 2022 καὶ
473 1952 546 2039 παρ’
560 1955 672 2025 όίλλων
688 1955 851 2024 ἀκούουσι
869 1959 923 2025 καὶ
940 1971 1008 2036 τοῖς

61 2053 180 2122 εἰδόσιν
191 2051 306 2131 αύτοίς
321 2051 679 2139 ἀναμιμνησκομένας,
697 2055 815 2143 ἡλίκην
831 2055 901 2123 ποτ’
913 2057 1007 2142 ἑχόν-

62 2178 121 2219 των
136 2153 284 2239 όύναμιν
301 2157 585 2239 Λακεδαιμονίων,
605 2157 637 2232 ἐξ
654 2147 698 2220 οὑ
708 2155 826 2239 χρόνος
840 2153 882 2222 οὐ
894 2154 1006 2233 πὀλὺς,

65 2244 103 2328 ὧς
111 2260 220 2330 καλῶς
232 2255 284 2319 καί
298 2252 531 2337 προσηκόντως
543 2249 642 2318 οὐδὲν
653 2249 791 2331 όνόξιου
802 2251 894 2338 ὑμεῖς
906 2253 1008 2335 ἐπρά-

67 2351 130 2425 ξατε
144 2360 202 2437 τῆς
219 2349 361 2433 πόλεως,
384 2348 453 2418 ἀλλ’
467 2347 660 2434 ὑπεμείνατε
679 2347 762 2436 ὑπὲρ
780 2358 848 2417 τῶν
861 2348 1008 2433 Ἑλληνι-

69 2454 127 2514 κόν
143 2454 280 2517 δικαίων
295 2446 357 2517 τόν
375 2448 457 2534 πρὸς
480 2452 626 2526 ἐκείνους
648 2446 802 2531 πόλεμον.
837 2453 925 2525 τίνος
944 2439 1008 2512 οὑν

10 2594 13 2599 -
73 2545 152 2615 ἕνεκα
161 2557 265 2616 ταῦτα
276 2550 376 2633 λόγως
399 2546 440 2616 ἵν’
453 2552 569 2633 εἰδῆτε,
589 2539 934 2632 όόίνδρεςἉδηναίοι,
952 2547 1049 2619 καλλι

76 2644 227 2732 δείσησθε
238 2645 289 2716 ὅτι
302 2645 403 2715 οὐδὲν
414 2646 491 2714 οὔτε
504 2648 763 2731 φυλαττομένοις
773 2643 853 2730 ὑμῖν
864 2649 931 2712 ἐστι
942 2671 1007 2729 φο-

10 2776 17 2837 χ
79 2742 158 2825 βερόν
168 2743 246 2830 οὔτ’,
260 2741 304 2812 όν
315 2742 507 2832 ὀλιγωρῆτε,
518 2752 670 2813 τοιοῦτον
682 2739 753 2812 οἷον
765 2738 808 2810 όίν
821 2741 913 2829 ὑμεῖς
924 2742 1007 2828 βού-

82 2843 183 2930 λοισθε,
195 2849 435 2930 παραδείγμασι
446 2844 608 2930 χρεόμενοι
620 2850 659 2929 τῇ
672 2841 743 2909 τότε
755 2842 848 2929 ῥύμη
859 2849 927 2907 των
936 2849 1008 2908 Λα-

84 2939 285 3028 κεδυιμονίων,
303 2935 344 3030 ἧς
354 2947 517 3029 ἐκρατεῖτε
539 2945 574 3010 ἐκ
586 2949 648 3008 τοῦ
660 2943 832 3025 προσέχειν
844 2954 910 3019 τοῖς
921 2940 1008 3027 πρό-

84 3052 161 3113 λμασι
170 3036 226 3107 τόν
237 3049 332 3128 νοῦν,
343 3042 448 3108 καί
408 3067 447 3128 τη
458 3047 524 3108 νῦν
534 3038 630 3127 ὕβρει
642 3045 772 3122 τούτου,
785 3035 856 3105 δί“
836 3066 878 3126 ην
887 3065 1009 3123 ταρατ-

66 3126 188 3212 λτόμεδα
204 3141 239 3207 ἐκ
255 3165 316 3206 του
304 3137 437 3225 μηδὲν
455 3129 686 3225 φροντίζειν
661 3163 709 3204 ων
726 3139 833 3223 ἐχρῆν.
868 3143 898 3205 εί
914 3140 952 3204 δέ
960 3164 1008 3213 τις

10 3278 12 3291 ·
88 3216 204 3317 ’λευκοί
220 3237 339 3322 ἄνδρες
353 3234 539 3357 ’,Αθηναῖοι
562 3236 812 3320 δυσπολέμητον
830 3244 932 3301 οίεται
947 3231 1008 3314 τόν

89 3323 136 3390 m
122 3331 224 3403 Ᾱῑππον
234 3335 334 3413 εἶναι
348 3344 483 3405 σκοπῶν
494 3336 531 3403 τό
542 3362 576 3402 τε
588 3343 717 3422 πλῆθος
729 3343 786 3420 τῆς
796 3332 1008 3415 ὑπαρχούσης

89 3413 161 3506 αυτῷ
169 3431 443 3520 δυνάμεωςκαί
410 3460 447 3503 το
463 3434 502 3502 τὰ
521 3444 623 3521 χωρία
635 3433 742 3501 πάντα
753 3431 923 3575 απολχοχλέι
923 3455 957 3495 αι
968 3439 1009 3519 τῇ
