2340 3894
146 187 209 254 110
376 189 423 247 οι.
452 180 873 281 Δεταοεοεεεονε

145 345 538 436 χονχειροτονησιίυτων,
558 341 625 411 τόν
636 340 666 411 δ’
682 340 928 431 Ἀπολλωνίδην
938 345 1104 432 ἐκβαλόν-

101 471 222 529 ςγιων.
256 450 364 531 μωρία
375 445 431 512 καὶ
440 451 538 511 κακία
548 440 589 510 τοὶ
599 441 737 510 τοιαῦτα
747 445 902 526 ἐλπίζειν,
924 445 981 511 καὶ
991 453 1105 521 κακῶς

144 545 412 632 βουλευομένους
421 544 476 610 καί
486 539 589 628 μηδὲν
605 533 654 608 ύν
664 541 823 628 προσήκει
839 555 947 609 ποιελν
962 545 1105 610 ἐθέλον-

145 659 219 728 τας,
241 639 324 708 ἀλλὰ
340 637 503 719 τοῑνύπὲρ
513 646 581 706 τοῖν
600 641 732 725 ἐχθρόν
746 639 913 724 λεγόντων
930 637 1104 725 ἀκροωμέ-

146 766 244 826 νους,
265 739 466 826 τηλικαύτην
487 734 642 824 ήγείσθαι
657 738 758 806 πόλιν
776 744 879 806 οίκεῑν
899 737 939 805 τὰ
957 741 1104 823 μέγεθος

101 839 233 914 sessim
244 839 325 925 μηδ
326 865 365 921 ν,
388 834 464 926 μηδ’
478 833 522 905 ι’ὶν
531 829 820 924 ὁτιοῦνή,’δεινόν
830 843 1014 904 πείσεσθαι
1046 837 1104 904 καὶ

41 947 44 956 “
151 965 219 1024 μην
226 937 361 1006 κακεῖνο
354 932 713 1022 γεαίσχρον,υσιερον
720 933 789 1003 ποτ
799 961 815 1004 ε
816 934 1105 1054 ίπείνσυμβύντος

151 1037 244 1114 τινός
283 1040 331 1113 τις
341 1059 405 1119 γαρ
418 1028 462 1100 όν
478 1030 579 1132 ῳηθη
584 1059 689 1100 ταυτα
703 1037 880 1152 γενέσθαις
897 1059 939 1118 νη
950 1058 1011 1100 τον
1023 1038 1102 1117 Δία,

151 1130 287 1200 εδει
249 1158 359 1218 γαρτο
350 1130 471 1200 καὶ
435 1158 473 1200 το
489 1137 626 1217 ποιήσαι
637 1129 739 1198 καὶ
705 1156 742 1198 το
757 1129 861 1199 καὶ
826 1157 863 1199 το
877 1128 922 1215 μὴ
936 1129 1101 1214 uoniam?

148 1223 247 1296 πόλλ’
265 1221 553 1346 ανείπελνέχοιεν’
551 1224 808 1310 Ολύνθιοιυύν,
833 1221 924 1293 οἳτότ
928 1224 981 1293 εί
988 1231 1105 1309 προει·

149 1330 259 1408 δσντο,
267 1321 330 1392 ούκ
342 1351 385 1391 αν
395 1322 585 1393 ἀπόλοντο·
597 1320 721 1393 πόλλ’Ι
699 1353 743 1392 αν
750 1323 901 1410 Ὠρεῖται,
911 1321 1017 1392 πολλα
1025 1330 1105 1391 dim*

104 1445 141 1501 69
150 1439 227 1510 κελς,
239 1421 346 1492 πολλὰ
356 1432 424 1492 τῶν
433 1421 658 1492 ἀπολωλότων
668 1425 808 1491 ἕκαστοι,
838 1420 922 1491 ἀλλὰ
932 1428 967 1489 τί
973 1420 1102 1489 τούτων

150 1523 273 1610 ὄφελος
283 1523 410 1604 αύτολςς
423 1526 485 1603 ἕως
495 1521 542 1593 ἄν,
549 1522 687 1610 σώζηται
697 1520 734 1590 τό
747 1521 885 1608 σκάφος,
893 1521 936 1590 ι’ἷν
945 1545 981 1588 τε
992 1525 1104 1607 μεῖζον

150 1621 193 1691 όν
202 1620 232 1691 τ’
245 1615 415 1710 ἔλαττονή
423 1673 432 1706 ,
454 1621 527 1691 τότε
538 1620 599 1710 χρή
611 1621 804 1708 καὶναύτην
819 1621 875 1689 καὶ
892 1619 1104 1707 κυβερνήτην

150 1723 206 1791 καὶ
215 1719 312 1791 πέντ’
327 1720 434 1806 ἄνδρα
445 1723 517 1808 ἑξής
527 1722 725 1808 προθύμους
736 1720 836 1806 εἶναι,
847 1721 902 1788 καὶ
914 1717 1005 1799 ὅπως
1015 1716 1100 1806 μήθ’

150 1819 291 1890 έοιων
247 1847 311 1906 μητ
329 1847 427 1889 ακων
438 1821 578 1906 μηδεὶς
559 1826 751 1907 ανατρειίιει,
773 1829 870 1889 τοῦτο
888 1810 1087 1888 σκοπεῖσθαι

105 1916 331 1993 λοέπειδὰνδέ
340 1915 687 2044 ήθύλαττνφπέρσχη,
699 1920 866 2006 μα’ταιοςη
855 1919 1024 2006 ’σπονδήῑ
1047 1918 1105 1986 καὶ

148 2015 241 2104 ήμείς
261 2022 393 2102 τοίνυν,
426 2045 453 2086 ω
477 2016 599 2106 ανδρες
618 2016 858 2106 Ἆθηναίοι,“
837 2045 900 2099 εως
922 2021 1024 2107 έσμέν
1044 2025 1105 2111 σω,

148 2116 249 2186 πόλιν
270 2124 427 2212 μεγίστην
447 2122 590 2202 ἔχοντες,
613 2115 768 2203 ύφορμοὶς
788 2127 955 2199 πλείστας,
977 2112 1104 2200 ἀξίωμα

20 2209 28 2221 ’
149 2214 434 2300 κύλλιστον,-τί
453 2224 616 2302 ποιολμενς
644 2216 746 2284 πύλαι
765 2242 814 2294 τις
834 2209 982 2301 ήδέως“
960 2240 1004 2281 αν
1025 2222 1106 2294 ἴσως

150 2311 317 2400 ἐρωτήσας
342 2313 494 2400 κάθηται.
528 2313 593 2400 έγεό
612 2314 654 2402 νή
671 2313 727 2384 Δί’
747 2317 828 2400 ἐρω,
850 2315 904 2381 καὶ
918 2313 1039 2400 γράψω
1055 2313 1104 2398 δὲ,
1116 2320 1167 2376 1²⁹

44 2432 47 2436 ’
151 2410 231 2481 ὥστ’
254 2411 313 2481 ἐὰν
335 2413 523 2501 βούλησθε,
553 2413 806 2501 χειροτονήσετε.
851 2413 948 2480 αύτοὶ
969 2420 1106 2540 πρῶτον

149 2508 419 2596 αμυνόμενοικαὶ
430 2513 771 2599 παρασκευαζόμενοι,
792 2513 940 2632 τριήρεσι
957 2513 1013 2579 και
1022 2534 1106 2597 χρη

148 2628 230 2694 μασι
240 2611 295 2677 καὶ
304 2610 515 2694 στρατιωταις
524 2615 623 2701 λεγω
645 2613 699 2678 και
708 2637 772 2695 γορ
784 2637 829 2678 αν
839 2635 982 2688 απαντες
993 2609 1106 2696 δηπου

149 2705 323 2773 δουλεύειν
340 2708 599 2794 συγχωρήσωσιν
616 2692 649 2777 οἱ
665 2706 819 2796 όέλλοι,ε
799 2736 845 2795 ημ
847 2723 879 2776 λυ
894 2734 916 2792 γ
920 2705 1031 2792 ’ὑπὲρ
1046 2715 1108 2792 τῆς

104 2826 141 2882 χι
150 2807 341 2888 ἐλευθερίας
357 2803 573 2888 ἀγωνιστέον·
596 2816 699 2874 ταῦτα
719 2805 766 2896 δή
776 2804 874 2874 πάντ’
889 2802 984 2873 αὐτοὶ
994 2829 1107 2888 παρα-

148 2901 393 2987 σκευασάμενοι
401 2905 456 2972 καὶ
465 2903 661 2991 ποιήσαντες
670 2905 873 2994 τοῑςἝλλησι
883 2903 1014 2992 φανερὰ
1024 2900 1105 2982 τούς

149 2999 272 3078 ἄλλους
281 2999 344 3087 ήδη
357 3013 617 3091 παρακαλοῦμεν,
640 3008 696 3074 καὶ
706 3007 785 3084 τοὺς
795 3012 899 3073 ταῦτα
911 3003 1106 3083 διδάξοντας

148 3101 366 3187 ἐκπέμπωμεν
386 3105 537 3189 πρέσβεις
557 3118 732 3190 πανταχοῖ,
764 3107 809 3182 εἰς
830 3101 1103 3186 Πελοπόννησον,

148 3203 195 3279 είς
208 3196 336 3283 Ῥόδον,
359 3204 405 3279 είς
419 3206 518 3288 Χίον,
543 3200 587 3282 ύς
602 3205 738 3290 βασιλέα
755 3208 841 3287 λέγω
852 3198 946 3286 (οὐδὲ
957 3197 1021 3284 γὰρ
1034 3205 1105 3264 τοῖν

147 3299 263 3388 ἐκείνῳ
284 3298 527 3384 συμφερόντων
550 3299 714 3388 ἀφέστηκε
735 3299 772 3369 τό
796 3301 841 3387 μή
862 3307 982 3366 τοῦτον
1009 3299 1102 3363 ἐᾶσαι
1147 3356 1150 3361 ,

146 3399 256 3465 πάντα
267 3400 589 3487 καταστρέψασθαι),
611 3399 656 3469 ἵν’
670 3400 959 3487 έόινμὲνκείσητε,
980 3420 1100 3463 κοινω·
