2340 3894
135 210 200 275 252
336 213 435 271 XVffl.
471 207 893 325 AHMOMNOPJJ

136 375 214 458 περὶ
224 364 274 440 ὧν
282 369 406 440 ούδένα
416 372 577 436 κίνδυνον
587 365 689 435 ὅντιν’
701 365 764 452 οὑχ
773 365 956 454 ὑπέμειναν
966 369 1001 435 αι’
1007 364 1094 450 πρό-

75 593 127 646 201
137 570 221 647 λεάς
231 594 285 654 γε,
307 566 385 654 μηδ’
398 570 489 653 ἐμοῦ.
523 571 589 633 τίσι
599 563 633 632 δ’
643 562 834 650 ὀφθαλμοῖς
844 564 928 652 πρὸς
938 563 1022 644 Διὸς
1033 565 1095 634 ἑω-

137 677 250 754 ρόμεν
267 662 311 734 ἀν
325 667 406 743 τούς
423 671 469 744 εἰς
485 661 548 749 τήν
563 661 664 732 πόλιν
673 661 880 746 ἀνθρώπους
889 659 1114 749 ἀφικνουμέ·,

136 791 235 850 νους,
253 771 285 833 ἐλ
293 763 334 831 τά
346 763 407 849 μὲν
417 759 585 848 πράγματ’
598 766 645 839 εἰς
654 758 736 844 ὅπερ
746 763 824 828 νυνὶ
834 764 1004 848 περιέστη,
1017 758 1096 847 rire*

137 864 212 952 μών
223 867 260 930 δὲ
273 864 329 930 καὶ
345 861 462 945 κύριος
480 857 587 947 ᾑρέθη
605 865 769 938 Φίλιππος
785 856 960 944 ἁπάντων,
982 856 1045 926 τόν
1061 856 1092 926 δ’

136 1054 226 1147 ήσαν
236 1058 469 1141 πεποιημένοι,
493 1058 547 1122 καλ
558 1063 663 1123 ταῦτα
673 1054 890 1141 μηδεπόποτε
899 1064 959 1141 τῆς
969 1046 1097 1134 πόλεως

137 1161 177 1226 έν
186 1170 254 1234 τοῖς
264 1160 435 1240 ἔμπροσθε
445 1153 578 1240 χρόνοις
590 1151 777 1239 ἀσφάλειαν
787 1153 911 1234 ἀδοξον
928 1162 1058 1240 μᾶλλον
1073 1149 1096 1240 ἢ

76 1252 198 1328 κοντὸν
215 1251 301 1337 ὑπὲρ
317 1260 386 1321 τῶν
397 1262 509 1322 καλῶν
520 1257 681 1321 κίνδυνον
691 1250 865 1341 ᾑρημένης.
896 1261 946 1333 τίς
956 1252 1021 1339 γάρ
1034 1251 1096 1322 ούιι

137 1352 230 1423 οἶδεν
240 1350 426 1439 Ἑλλήνων,
449 1359 498 1430 τίς
515 1354 552 1419 δὲ
568 1352 766 1438 βαρβάρων,
789 1349 840 1420 ὅτι
856 1354 912 1419 καὶ
923 1350 1015 1436 παρὰ
1028 1359 1096 1438 Θη-

135 1461 245 1542 βαιων
255 1456 309 1520 καὶ
326 1451 416 1537 παρὰ
426 1459 496 1519 τοῖν
507 1457 553 1518 ἔτι
563 1450 692 1519 τούτων
704 1450 867 1536 πρότερον
878 1456 1028 1537 ἰσχυρῶν
1041 1475 1097 1534 με·

137 1556 292 1639 νομένων
302 1554 576 1635 Λακεδαιμονίων
594 1551 649 1617 καὶ
666 1550 756 1634 παρὰ
773 1555 834 1616 τοῦ
845 1555 990 1634 Περσῶν
1001 1555 1097 1634 βασι-

137 1656 220 1730 λέως
230 1647 312 1738 μετά
324 1656 450 1734 πολλῆς
460 1647 592 1733 χάριτος
601 1644 693 1716 τοῦτ’
711 1643 755 1714 ἀν
765 1643 915 1732 ἀσμένως
932 1647 1040 1732 ἐδόθη
1056 1654 1097 1754 ty}

135 1751 247 1837 πόλει,
269 1749 288 1818 ό
305 1776 336 1817 τι
353 1748 509 1837 βούλεται
520 1745 787 1832 λαβούσηκιὺτδ
798 1747 916 1830 ἑαυτῆς
927 1745 1096 1833 ἐχούσητο

135 1849 359 1933 κελευόμενον
370 1864 476 1917 ποιεῖν
488 1846 544 1912 καὶ
555 1847 614 1912 ἐᾶν
626 1845 741 1929 ἕτερον
750 1849 821 1910 τόν
831 1841 1001 1928 Ἑλλήνων
1015 1868 1099 1928 προ·

75 1947 279 2024 ηοεεστάναι.
313 1944 387 2014 ἀλλ’
400 1944 463 2013 οὑκ
474 1940 643 2032 ήν-ταῦθ’,
663 1939 707 2025 ἀς
718 1948 822 2031 ἔοικε,
835 1955 903 2021 τοῖς
911 1942 987 2008 τότ’
998 1939 1099 2035 Ἀθη-

136 2051 243 2122 καίοις
254 2044 376 2128 πάτρια
387 2043 460 2112 οὐδ’
475 2041 596 2111 ἀνεκτὰ
607 2042 683 2112 οὐδ’
696 2049 837 2132 ἔμφυτα,
850 2045 924 2113 οὐδ’
944 2045 1097 2135 ἐδυνήθη

135 2141 268 2210 πώποτε
281 2140 344 2227 τήν
354 2141 453 2212 πόλιν
464 2141 574 2222 οὐδεὶς
588 2145 624 2211 έκ
636 2143 760 2223 παντὸς
769 2154 833 2214 τοῦ
843 2147 970 2232 χρόνον
989 2161 1099 2225 πεῖσαι

135 2252 205 2319 τοϊς
215 2240 368 2326 ἰσχύουσι
385 2245 461 2328 μὲν,
486 2240 530 2328 μή
544 2246 653 2311 δίκαια
660 2246 700 2310 δὲ
711 2243 895 2327 πράττουσι
905 2251 1099 2332 προσθεμέ-

136 2364 201 2426 νην
213 2337 374 2426 ἀσφαλῶς
387 2342 575 2427 δουλεύειν,
589 2339 662 2409 ἀλλ’
679 2339 904 2427 ἀγωνιζομένη
915 2344 992 2426 περὶ
1005 2367 1099 2428 πρω-

135 2445 234 2504 τείων
250 2440 306 2506 καλ
318 2443 475 2525 τιμήςκαλ
487 2441 584 2526 δόξης
594 2439 840 2508 κινδυνεύουσα
851 2439 963 2507 πάντα
972 2439 1036 2510 τὸν
1046 2448 1099 2511 αλ-

76 2543 208 2608 mom
220 2541 427 2606 διατετέλεκε.
450 2536 610 2606 καὶταῦδ
626 2537 1154 2626 οὑτωσεμνάκαὶπροσήκου-εθδ

135 2659 177 2701 τα
196 2649 266 2714 τοῖς
289 2634 461 2723 ὑμετέροις
483 2636 604 2723 ἤθεσιν
625 2635 719 2722 ὑμεῖς
740 2631 990 2725 ὑπολαμβάνετ’
1014 2637 1099 2724 εἶναι

137 2729 288 2803 ὥστεκαὶ
300 2745 370 2803 τοῖν
380 2736 561 2820 προγόνων
569 2734 649 2814 τοὺς
658 2744 765 2804 ταῦτα’
771 2736 961 2822 πράξαντας
969 2736 1098 2822 μάλιστ’

136 2835 315 2916 ἐπαινεῖτε,
339 2833 482 2912 εἰκότως.
515 2842 564 2913 τίς
577 2833 642 2920 γὰρ
654 2834 717 2903 ούκ
728 2831 772 2902 ἀν
784 2833 944 2920 ἀγάσαιτο
955 2843 1028 2902 τοῖν
1037 2834 1099 2905 ἀν·

136 2933 229 3017 δροῖν
245 2933 381 2999 ἐκείνων
398 2942 456 3020 τής
475 2932 608 3021 ἀρετής,
630 2942 665 3004 οἳ
679 2937 735 3003 καὶ
751 2933 813 3021 τήν
829 2935 943 3020 χάραν
961 2937 1019 3004 καὶ
1036 2934 1100 3022 τήν

134 3030 236 3100 πόλιν
256 3032 402 3100 ἐκλιπεῖν
423 3030 606 3120 ὑπέμειναν
628 3041 673 3113 εἰς
696 3032 755 3113 τὰς
776 3035 920 3120 τριήρεις
937 3034 1099 3121 ἐμβάντες

134 3127 221 3214 ὑπὲρ
245 3135 307 3198 τού
330 3130 375 3217 μή
392 3131 429 3200 τὸ
448 3134 670 3220 κελευόμενον
687 3141 837 3220 ποιήσαι,
858 3131 996 3218 τὸνμὲν
1015 3141 1099 3201 ταῦ-

134 3252 176 3296 τα
200 3229 499 3314 συμβουλεύσαντα
524 3233 747 3319 Θεμιστοκλέα
769 3229 956 3318 στρατηγόν
981 3233 1099 3317 ἑλόμε-

134 3350 205 3410 νοι,
228 3326 290 3396 τὸν
308 3326 339 3397 δ’
360 3325 544 3398 ὑπακούειν
562 3328 826 3418 ἀποφηνάμενον
841 3345 909 3409 τοῖς
926 3332 1098 3399 έπιταττο·

134 3428 248 3506 μένοις
261 3433 433 3510 Κυρσίλον
452 3431 760 3516 καταλιθώσαντες,
784 3428 826 3497 ού
848 3428 956 3516 μόνον
978 3428 1097 3514 αὑτὸν,
