2340 3894
128 149 176 261 τε
336 200 396 261 vn.
429 198 878 297 [Διτυουοπνουε]

126 383 188 438 πος
208 356 315 445 αύτήυ
336 368 490 445 εἰληφεν,
513 355 554 450 ού
565 355 627 443 τήν
641 355 830 443 Ἀθηναίων
844 359 975 444 χιύραν,
998 353 1084 428 ἀλλά

125 457 186 543 τήν
197 459 318 526 ἑαυτοῦ
330 462 410 543 ἔχει,
433 454 506 525 οὐδ’
515 453 686 524 Ὄλυνθόν
695 481 751 541 γε,
773 455 848 524 οὐδ’
857 454 1086 525 Ἀπολλωνίαν

125 553 205 623 οὐδὲ
224 555 408 642 Παλλήνην
429 552 619 639 ἀλλοτρίας,
647 551 731 621 ἀλλὰ
752 553 812 633 τοίς
832 557 954 623 ἑαυτοῦ
975 553 1085 640 χώρας

76 667 115 722 ²9
123 654 284 740 κέκτηται.
312 647 370 735 ἆρ’
381 650 463 738 ὑμίν
474 657 568 719 δοκεῖ
574 657 836 737 πεφυλαγμένως
851 651 982 720 ἅπαντα
999 649 1083 735 πρὸς

124 748 211 836 ὑμᾶς
228 754 444 836 ἐπιστέλλειν,
468 748 560 827 ὅπως
581 747 624 816 ύν
644 756 801 834 φαίνηται
821 752 877 819 καί
896 753 1004 834 λέγων
1024 753 1082 818 καί

124 850 279 934 πράττων
295 847 415 933 ὁίπαρᾶ
432 854 536 914 πᾶσιν
546 846 741 932 ἀνθρώποις
751 844 957 933 ὁμολογεῖται
969 852 1122 919 θίκοιιαθλ

26 1005 29 1008 .
124 946 225 1033 εἰναι,
247 944 321 1015 ἀλλ’
335 945 377 1013 ού
390 945 522 1031 σφόδρα
533 951 881 1033 καταπεφρονηκέναι,
896 944 1005 1035 ὑςτήν
1015 949 1082 1033 χοί-

93 1134 95 1139 ¹
123 1071 202 1131 ραν,
226 1043 270 1130 ἢν
290 1048 325 1112 οί
335 1043 491 1130 Ἕλληνες
511 1046 566 1111 καί
586 1042 742 1130 βασιλεὺς
762 1041 781 1111 ὁ
799 1052 941 1130 Περσοῑν
959 1047 1082 1130 ἐψηφί-

122 1164 224 1211 σαντο
235 1146 290 1210 καί
302 1141 554 1230 ὡμολογήκασιν
565 1139 728 1229 ὑμετέραν
739 1140 833 1228 εἰναι,
843 1143 969 1229 ταύτην
977 1145 1082 1229 φησίν

121 1245 244 1312 ἑαυτοῦ
253 1243 310 1310 καί
321 1239 382 1326 οὐχ
392 1239 557 1327 ὑμετέραν
568 1240 666 1320 εἰναι;

74 1355 111 1410 ³0
203 1343 287 1425 Περὶ
298 1341 334 1410 δὲ
345 1348 411 1408 ,τοῦ
429 1343 543 1424 ἑτέρου
569 1339 865 1426 ἐπανορθώματος,
895 1337 1026 1425 ὑὺμείς
1041 1344 1080 1410 έν

120 1448 161 1528 τῇ
172 1439 288 1528 εἰρήνη
298 1442 574 1524 ἐπανορθοῦσθε,
596 1437 675 1517 τοὺς
692 1437 991 1524 ἅλλουςἝλληνας,
1004 1438 1081 1509 ὅσοι

120 1535 163 1623 μή
182 1545 387 1606 κοινωνοῦσι
402 1546 461 1624 τής
478 1538 628 1624 εἰρήνης,
650 1541 851 1619 ἐλευθέρους
867 1540 923 1606 καί
934 1537 1081 1606 αύτονύ-

120 1661 203 1720 μους
214 1633 315 1721 εἰναι,
338 1633 581 1714 καὶέύντιςέπ’
602 1632 916 1722 αύτοὺςστρατεύη,
938 1643 1082 1722 βοηθείν

75 1746 109 1800 31
120 1732 198 1812 τοὺς
207 1741 455 1812 κοινωνοῦντας
465 1743 522 1820 τής
533 1733 680 1820 εἰρήνης,
692 1731 873 1820 ἡγούμενοι
883 1737 939 1802 καὶ
950 1739 1079 1803 δίκαιον
1106 1814 1115 1829 .

121 1840 219 1901 τούτο
232 1836 288 1902 καί
298 1834 544 1920 φιλάνθρωπον
549 1882 559 1916 ,
571 1830 615 1918 μή
626 1831 732 1918 μόνον
741 1830 826 1918 ήμοῖς
836 1833 892 1900 καί
901 1830 980 1910 τοὺς
990 1853 1071 1918 συμ·

121 1931 248 2016 μύχαυς
257 1931 336 2010 τοὺς
346 1929 527 2018 ἡμετέρους
537 1934 593 1999 καὶ
605 1938 772 1999 Φίλιππον
782 1933 837 1999 καί
847 1932 926 2011 τούς
943 1930 1078 2018 συμμύ

121 2053 200 2114 χους
221 2026 300 2106 τοὺς
320 2031 450 2096 ἐκείνου
471 2027 564 2114 ἄγειν
583 2028 649 2116 τήνΙ
668 2029 819 2117 εἰρήνην,
841 2028 920 2109 τοὺς
937 2034 973 2097 ὑὲ
989 2029 1074 2117 μήθ’

120 2123 299 2215 ήμετέρους
317 2126 417 2206 ὄντας
433 2127 514 2214 μήτε
533 2135 701 2195 Φιλίππου
719 2129 911 2214 συμμάχους
929 2132 966 2196 ἐν
986 2131 1077 2219 μέσῳ

120 2236 252 2295 κεῖσθαι
269 2229 325 2294 καὶ
339 2222 408 2295 ὑπὸ
430 2235 499 2294 ταλυ
520 2226 721 2312 κρειττόνων
741 2225 969 2312 ἀπόλλυσθαι,
993 2225 1079 2297 ἀλλὰ

119 2326 174 2393 καί
184 2325 315 2403 τούτοις
330 2322 384 2392 διὰ
399 2322 461 2412 τήν
472 2321 636 2411 ὑμετέραν
647 2325 783 2413 εἰρήνην
794 2322 954 2412 ὑπάρχειν
969 2346 1078 2413 σωτη-

120 2432 206 2512 ρίαν,
217 2425 273 2493 καὶ
282 2430 331 2513 τῷ
341 2422 415 2492 ὄντι
426 2424 562 2510 εἰρήνην
572 2423 668 2508 ἄγειν
677 2421 764 2509 ἡμᾶς
774 2427 1024 2508 καταθεμένους
1034 2423 1076 2493 τὰ

74 2533 110 2586 32
119 2516 221 2605 ὅπλα,
243 2530 341 2589 τοῦτο
359 2522 396 2590 δὲ
407 2520 444 2589 τὸ
463 2523 686 2607 ἐπανόρθωμα
703 2518 878 2607 ὁμολογῶν
894 2525 931 2590 ἐν
946 2529 988 2610 τῇ
1004 2525 1079 2590 ἐπι-

119 2627 237 2706 στολή,
250 2616 294 2696 οἱς
305 2617 459 2705 ἀκούετε,
477 2620 608 2688 δίκαιόν
617 2618 649 2687 τ’
662 2619 747 2688 εἰναι
756 2624 811 2688 καί
823 2623 996 2707 δέχεσθαι,
1008 2628 1078 2689 Φε·

120 2721 224 2799 ραίων
251 2715 313 2800 μὲν
336 2714 504 2803 ιἰφήρηται
523 2718 585 2803 τήν
607 2718 705 2786 πόλιν
725 2720 782 2787 καί
803 2717 959 2804 φρουρὰν
977 2724 1015 2786 ἐν
1035 2729 1078 2809 τῇ

120 2810 298 2896 ἀκροπόλει
309 2816 522 2900 κατέστησεν,
544 2819 601 2882 ἵνα
613 2817 655 2903 δή
666 2815 847 2902 αὐτόνομοι
858 2809 957 2901 οἷσιν,
978 2818 1076 2886 ἔπλεθ’

94 2909 319 3013 [Ἀμβρακίαν
340 2913 567 3000 στρατεύεται,
588 2913 658 2995 τὰς·
670 2914 703 2983 δ’
726 2919 763 2984 ἐν
783 2923 969 3004 Κασσωπίᾳ
990 2930 1078 3005 τρεῖς

119 3008 240 3093 πόλεις,
261 3014 455 3079 Πανδοσίαν
466 3015 521 3082 καί
530 3014 677 3101 Βούχετα
689 3012 928 3099 καίἘλύτειαν,
939 3011 1078 3083 Ἠλείων

119 3104 284 3192 α’ποικίας,
307 3110 517 3191 κατακαύσας
536 3110 599 3200 τήν
619 3112 732 3200 χώραν
752 3116 809 3181 καὶ
825 3119 871 3192 εἰς
887 3110 946 3191 τοὶς
962 3112 1078 3193 πόλεις

117 3203 317 3294 βιασάμενος
327 3209 730 3302 παρέδωκενῖΑλεξύνὺρμ
737 3219 786 3301 τῷ
791 3215 935 3298 κηδεστῇ
940 3219 988 3300 τῷ
997 3213 1080 3280 ἑαν-

117 3305 179 3372 τοῦ
187 3302 368 3372 δουλεύειν.
381 3305 513 3391 σφόδρα
521 3334 559 3393 γε
567 3310 723 3396 βούλεται
730 3309 975 3397 τοὺςἝλληνας
981 3314 1080 3390 ἐλευ-

116 3404 241 3488 θέρους
251 3400 336 3471 εἰναι
345 3405 401 3470 καί
412 3402 636 3494 αὐτονόμους,
657 3408 703 3488 ὡς
713 3413 810 3496 δηλοῖ
817 3408 857 3476 τοὶ
868 3414 958 3495 ἔργα.
