2340 3894
137 192 201 256 ³42
242 236 265 247 --
351 192 423 255 xlx.
461 188 880 251 ΔΗΜΟΣΘΕΝΟῬΣ

140 352 250 436 ὥσπερ
269 350 343 438 οὐχὶ
358 351 437 429 τοῦς
452 347 649 426 ἀδικοῦντας
663 349 793 416 τούτων
807 345 908 428 ὄντας
917 350 1097 437 προδότας,

77 480 131 538 190
139 448 222 520 ἀλλὰ
232 450 312 529 τοῦς
320 448 360 517 τά
372 454 483 517 δίκαια
493 455 680 525 ποιοῦντας.
712 445 777 532 ἐμοῦ
788 445 821 515 δ’
832 446 897 516 οἶδ’
910 447 964 516 ότι
974 449 1098 528 πάντες
1151 456 1157 465 “

139 553 175 618 oc
182 548 361 632 πρυτάνεις
371 547 518 615 θύουσιν
527 546 680 614 ἑκάστοτε
691 553 788 634 κοινῇ
799 549 853 613 καὶ
869 551 1097 615 συνδειπνοῦ·

139 668 195 715 σιν
212 644 367 733 ἀλλήλοις
384 648 439 714 καὶ
457 648 717 712 συσπένδουσιν·
736 646 791 711 καὶ
807 641 850 711 ού
866 642 923 711 διὰ
940 642 1046 713 ταῦθ’
1066 647 1099 712 οί

139 747 273 832 χρηστοὶ
283 743 361 823 τοῦς
371 741 539 830 πονηρούς
549 749 741 830 μιμοῦνται,
754 737 829 810 ἀλλ’
842 741 901 809 ἐάν
912 739 1096 810 άδικοῦυτα

138 844 269 932 λάβωσί
282 871 356 913 τινα
372 842 502 927 αὑτοῖν,
525 851 566 930 τῇ
575 848 682 931 βουλῇ
691 844 746 910 καὶ
756 848 802 931 τῷ
817 842 911 928 δήμῳ
922 846 1095 928 δηλοῦσιν.
1134 907 1143 915 ,

138 941 277 1033 ἠβουίή
288 942 392 1011 ταῦτά
408 951 565 1027 ταῦτα,ε
549 941 707 1026 είσιτήρια
723 908 841 1025 ἒθύσε,
864 940 1096 1026 συνειστιάθη,

139 1048 312 1125 σπονδαν,
334 1047 436 1129 ίερῦν
456 1043 690 1124 ἐκοινώνησεν·
713 1042 748 1106 oc
760 1039 953 1123 στρατηγοὶ,
975 1037 1096 1124 σχεδόν

135 1138 183 1219 ,ῦς
200 1146 304 1208 είπείυ
321 1168 342 1207 α
344 1137 462 1225 αρχαὶ
472 1146 582 1205 πασαι
615 1129 671 1224 ἆρ’
690 1162 753 1204 ουν
764 1134 817 1203 δια
827 1162 933 1203 ταυτα
944 1149 1016 1216 τοϊς
1026 1135 1097 1204 αδι-

78 1258 129 1316 19ι
138 1248 258 1308 νουσιν
267 1263 395 1306 εαυταν
404 1241 534 1304 ἔδωκαν
542 1233 671 1314 αδειαν
680 1242 807 1303 πολλου
814 1237 915 1319 γεκαὶ
925 1239 984 1305 δεῖ
1001 1238 1097 1303 Λέων

143 1337 336 1423 Τιμαγόρου
352 1336 529 1422 κατηγόρει
543 1331 865 1420 συμπεπρεσβευκάς
879 1333 1021 1418 τέτταρα
1032 1339 1095 1421 ῦτη,

138 1434 312 1522 Εύβουλος
320 1435 494 1520 Θάρρηκος
504 1434 559 1500 καὶ
567 1432 748 1518 Σμικύθου
758 1431 1016 1519 συσσεσιτηκώς,
1029 1434 1096 1501 Κό-
1104 1437 1144 1493 401

138 1558 209 1602 νων
231 1531 249 1600 6
272 1531 411 1612 παλαιός
432 1536 556 1610 ἐκεῖνος
573 1529 786 1617 Ἀδειμάντου
813 1534 1096 1619 συστρατηγήσας.

139 1631 273 1717 πότεροι
293 1624 356 1700 οὖν
378 1632 456 1710 τοῦς
475 1629 557 1710 ἅλας
573 1634 776 1717 παρέβαινον
791 1631 846 1697 καὶ
862 1626 921 1709 τάς
937 1629 1097 1715 σπονδάς,

71 1748 92 1763 ¹·
138 1737 294 1818 Αἰσχίνης
317 1735 351 1798 οί
365 1727 579 1815 προδιδόντες
594 1732 648 1797 καὶ
660 1733 695 1798 οί
702 1730 1035 1816 παραπρεσβεύοντες
1044 1733 1097 1800 καὶ

138 1832 174 1897 oc
188 1833 456 1914 δωροδοκοῦντες
470 1824 493 1915 ἢ
510 1833 545 1897 oc
558 1837 834 1914 κατηγοροῦντεςς
857 1833 893 1897 oc
900 1826 1097 1907 ἀδικοῦντες

139 1926 293 2046 δηλονότι
303 1927 361 2004 τάς
373 1927 452 2013 ὁίιης
462 1953 499 2011 γε
509 1933 566 2012 τῆς
578 1933 732 2010 πατρίδος
745 1920 902 2012 σπουδάς,
915 1927 1031 2012 ὥσπερ
1044 1927 1096 2013 σύ,
1140 2006 1145 2010 ,

139 2021 181 2092 οῦ
190 2048 297 2107 μονον
306 2050 364 2101 τας
376 2027 470 2102 ίδιας
1124 2054 1126 2061 ·

79 2117 129 2173 ¹9²
213 2117 285 2189 Ἵνα
303 2127 419 2187 τοίνυν
436 2118 582 2208 είδῆθΗ
560 2149 611 2190 οτι
622 2121 663 2190 ού
674 2122 781 2210 μόνον
791 2132 859 2193 τοῦν
870 2128 1016 2216 δημοσία
1028 2127 1097 2195 πά-

137 2214 210 2287 ποτ’
235 2217 493 2304 ἐληλυθότων’
469 2245 514 2298 ας
523 2228 690 2290 Φίλιππον
706 2220 915 2309 ἀνθρώπων,
938 2223 1025 2294 ἀλλὰ
1043 2228 1094 2293 καὶ

137 2323 237 2385 τώνί
224 2321 291 2405 ίδίηι
308 2320 363 2386 καὶ
375 2317 510 2387 πάντων
520 2312 614 2389 οὗτοι
623 2320 828 2406 φαυλότατοι
840 2324 896 2389 καὶ
905 2324 1097 2409 πονηρότα-

136 2439 192 2483 τοι
210 2385 383 2501 γεγόνασι,
404 2418 525 2503 μικρόν
541 2416 709 2489 ἀκούσατέ
722 2444 789 2506 μου
805 2425 865 2501 ἔξω
881 2445 913 2488 τι
935 2447 995 2508 της
1016 2445 1097 2507 πρε-

138 2519 251 2600 σβείας
267 2513 397 2602 ταύτης.
426 2516 595 2603 ἐπειδὴ
555 2543 620 2637 γμρ
639 2515 726 2587 εἷλεν
739 2517 968 2587 Ὀλυνθονί
920 2525 968 2586 Φί
965 2528 1095 2603 λιττπος,

27 2607 31 2614 ’
134 2607 294 2698 Ολύμπια
305 2616 421 2701 ἐποίει,
444 2621 490 2694 ίς
500 2614 582 2684 δὲ
546 2640 608 2702 την
619 2622 744 2684 θυοιαν
755 2617 881 2703 ταυτην
890 2616 995 2686 καὶ
958 2643 1097 2704 τηνπα

75 2709 281 2828 193νήμυριν
299 2711 424 2790 πάντας
440 2713 519 2792 τούς
534 2720 681 2800 τεχνίτας
693 2716 909 2837 συνήμανενυ
930 2714 1095 2786 δοκοῦνθ’

138 2804 262 2883 αὐτούς
279 2809 334 2874 καὶ
350 2818 527 2894 στεφανων
542 2810 622 2891 τοῦς
638 2813 853 2900 νενικηκότας
860 2813 966 2900 ἤρετο
980 2815 1097 2882 Σάτυ-

138 2929 200 2987 ρον
210 2904 386 2972 τουτουὶ
352 2933 413 2975 τον
423 2934 571 2994 κωμικον
581 2935 804 2998 υποκριτνυ,
786 2918 820 2979 ί
826 2911 867 2999 δη
880 2938 985 2998 μονος
995 2911 1096 2981 ουδὲ

137 3000 410 3086 mmmm*
389 3030 410 3089 η
423 3010 496 3074 τίνα
506 3010 542 3075 ἐν
553 3009 660 3098 ἑαυτῷ
670 3006 924 3096 μικροψυχίανῆ
936 3009 1024 3095 πρὸς
1033 3009 1095 3078 αῦ-

135 3096 197 3169 τόν
213 3097 335 3186 άηδίαν
353 3104 551 3191 ἐνεορακύςς
574 3115 680 3175 εἰπεῖν
694 3106 736 3194 δη
753 3128 836 3193 φασι
856 3107 917 3175 τόν
933 3109 1095 3195 Σάτυρον

137 3196 207 3291 ότι,
220 3189 269 3267 άν
277 3198 340 3323 μὲν
351 3206 386 3268 oc
394 3200 489 3270 ἄλλοι
500 3207 640 3290 δέονται,
652 3202 829 3285 οῦδευός”
802 3233 850 3273 ων
861 3209 898 3274 ἐν
908 3215 1004 3295 χρείμ
1013 3233 1094 3292 τυγ-

98 3330 102 3335 ·
137 3297 247 3383 χάνει,
270 3326 291 3366 α
285 3296 385 3366 δ
363 3326 406 3368 αν
423 3299 891 3428 αῦτὸςίπαγμείλαιτοὴδίυς,
913 3307 1022 3393 ῥᾷστα
1033 3303 1096 3390 μίν

62 3470 70 3477 ,
137 3395 206 3462 ἐστι
217 3403 369 3487 Φιλιππμ
381 3403 500 3467 δουναι
509 3427 564 3470 και
554 3403 774 3489 χαρίσασθαι
790 3401 942 3488 πάντων,
965 3406 1094 3473 δέδοικε
