2340 3894
328 222 460 287 ΠΕΡΙ
486 221 824 294 mmmm
997 219 1061 287 143

189 385 275 468 Περὶ
285 383 347 469 μὲν
360 391 424 450 τοῦ
437 382 605 467 παρόντος
620 381 801 468 ἀργυρίου,
822 387 878 451 καὶ
895 375 944 452 όν
962 384 1061 453 ἕνεκα

101 481 167 567 την
178 484 358 568 ἐκκλησίαν
367 489 535 564 ποιεῖσθε,
553 473 582 548 ό
591 479 712 564 ἀνδρες
721 479 909 568 Ἀθηναῖοι,
927 480 1062 553 οὐδέτε-

101 580 168 665 ρόν
178 606 237 666 μοι
252 585 347 649 δοκεῖ
359 588 429 649 τάν
444 588 599 666 χαλεπῶν
616 579 718 666 εἶναι,
740 578 809 649 οὔτ’
827 580 1060 668 ἐπιτιμήσαντα

99 692 171 758 τοῖς
185 680 326 765 νέμουσι
341 679 398 747 καὶ
417 682 549 765 διδοῦσι
564 675 605 745 τά
621 679 718 747 κοινά
737 678 954 768 εὐδοκιμῆσαι
969 677 1059 765 παρά
1158 700 1161 704 ·

97 791 171 856 τοῖς
191 777 401 866 βλάπτεσθαι
421 773 476 847 διά
493 776 624 845 τούτου
645 774 843 864 ἡγουμένοις
863 777 927 865 την
947 776 1060 864 πόλιν,

100 875 183 966 οὔτε
193 877 396 945 συνειπόντα
406 878 462 944 καλ
479 879 727 961 παραινέσοντα
747 872 791 955 ὡς
806 880 861 946 δεῖ
876 876 1060 964 λαμβάνειν

99 981 306 1065 χαρίσασθαι
324 990 394 1055 τοῖς
413 974 548 1061 σφόδρα
567 979 604 1043 ἐν
624 987 718 1065 χρεία
734 984 798 1056 τοῦ
812 984 928 1065 λαβεῖν
944 970 1058 1046 οὖσιν·

100 1073 276 1159 οὐδέτεροι
284 1072 350 1161 γάρ
361 1073 445 1158 πρός
454 1073 492 1142 τό
508 1083 550 1162 τῇ
564 1074 661 1143 πόλει
671 1080 845 1164 συμφέρον
855 1085 1060 1164 σκοποῦντες

101 1170 177 1254 οὔτ’,
186 1178 384 1241 ἐπαινοῦσιν
393 1171 473 1241 οάτε
484 1176 739 1259 δυσχεραίνουσι
753 1172 792 1243 τό
809 1183 961 1262 πράημα,
987 1171 1055 1243 ἀλλ’

74 1270 308 1357 νάςὲκάτεροι
317 1272 492 1359 χρείαςκαλ
502 1278 693 1354 περιουσίας
701 1279 841 1357 ἔχουσιν
854 1273 967 1358 ἐράδλ
976 1281 1058 1341 τοῦ·

97 1395 137 1437 το
148 1367 271 1456 ‘dv'
226 1366 297 1437 σοι’
309 1364 353 1437 ἀν
364 1367 675 1458 είοηγησαίμην,”
631 1366 701 1439 ουτ’
709 1365 753 1438 ἀν
764 1366 984 1454 ἀντείποιμ’
961 1366 1057 1449 ωςοό

99 1467 359 1581 δεῖλιμβάνειν·
378 1469 1058 1588 παραινάμίυτοισκοτεῖνιιαὶλοχίζεσθαι

99 1582 283 1645 προςυμας
292 1583 415 1639 αυτους
425 1585 477 1626 οτι
486 1585 670 1645 ταρχυριου
679 1564 741 1649 μεν
751 1565 820 1631 ἐστι
835 1571 952 1648 τοῦτο,
972 1560 1056 1648 ὑπὲρ

99 1650 143 1726 οό
148 1657 382 1778 βουλεύεσθε,
403 1656 536 1746 μικρὸν,
557 1657 645 1727 τόδ’
659 1664 738 1741 ἔθος
754 1664 849 1783 μέγα,
870 1659 889 1730 ὁ
885 1660 1058 1748 χάμνεται

99 1754 323 1844 μετάτοότου.
347 1762 379 1826 εί
386 1750 501 1844 μὲν
458 1783 522 1825 ουν
532 1783 613 1844 μετα
626 1768 687 1827 τοῦ
697 1757 1058 1849 πράττεινάπροσήκει

98 1855 215 1927 ιιαίτδ
212 1856 399 1944 λαμβάνειν
411 1857 719 1947 κατασκευάσεσθε,
743 1857 785 1928 οό
801 1860 909 1979 μόνον
920 1887 961 1929 ου
951 1858 1054 1947 ’βλά-

99 1969 192 2079 ism,
213 1953 299 2025 ἀλλά
315 1957 422 2026 καὶ
386 1982 426 2025 τα
443 1961 579 2043 μέγιστα
591 1955 777 2045 ὠφελήσετε
798 1985 860 2046 την
881 1957 980 2027 πόλιν
1000 1962 1056 2027 καὶ

98 2053 187 2142 ὑμᾶς
203 2053 342 2136 αὐτούς·
366 2062 397 2124 εί
413 2057 449 2126 δὲ
464 2064 527 2125 τοῦ
543 2059 605 2143 μὲν
620 2059 804 2180 λαμβάνειν
819 2061 875 2127 καί
893 2056 987 2144 ἑορτὴ
998 2061 1054 2124 καὶ

98 2160 188 2222 πάσα
197 2151 332 2242 ἀρκέσει
340 2154 517 2242 πρόφασις,
532 2181 594 2225 τον
582 2154 674 2224 δ’“
652 2183 673 2223 α
685 2156 768 2240 πρὸς
778 2156 907 2236 τούτοις
919 2162 970 2225 δεῖ
977 2180 1055 2224 ποι-
1066 2181 1114 2239 157

98 2266 146 2321 εῖν
155 2253 240 2340 μηδὲ
248 2279 328 2333 τους
339 2251 484 2339 λοχους
467 2279 604 2322 ακουειυ
614 2252 823 2340 ἐθελησετε,
808 2279 906 2340 ορατε
917 2251 1052 2339 μηποθ

73 2456 259 2537 θνομίσητε.
292 2451 356 2536 ἐγώ
374 2454 412 2517 δέ
432 2476 519 2537 φημι
535 2454 606 2519 δεῖν
624 2455 695 2538 (καί
710 2475 767 2536 μοι
783 2446 828 2536 μη
840 2448 1053 2536 θορυβήσητε

97 2546 142 2633 ίρ’
155 2540 307 2639 ρόμέλλω
317 2552 441 2635 λέγειν,
457 2546 525 2619 ἀλλ’
539 2546 746 2628 ἀκούσαντες
755 2554 890 2634 κρίνατε
898 2557 921 2635 ·)
941 2545 1053 2633 ὥσπερ

96 2647 167 2730 περὶ
177 2655 240 2714 τοῦ
250 2653 365 2732 λαβεῖν
376 2649 554 2735 ἐκκλησίαν
564 2645 793 2734 ἀπεδώκαμεν,
811 2645 967 2716 οὕτωκαὶ
978 2648 1052 2731 περὶ
1069 2649 1074 2655 ’

95 2752 155 2812 τοῦ
174 2752 406 2830 συνταχθῆναι
424 2750 480 2815 καὶ
497 2754 818 2834 παρασκευασθῆναι
836 2745 877 2815 τά
895 2745 1050 2833 πρόςτὸυ

94 2842 240 2928 πόλεμον
254 2846 432 2930 ἐκκλησίαν
443 2844 642 2933 ἀποδοῦναι,
653 2849 708 2915 καὶ
719 2859 899 2933 παρασχεῖν
909 2847 1050 2915 ἕκαστον

93 2941 198 3013 αὐτόν
217 2942 262 3031 μη
285 2945 393 3031 μόνον
411 2942 500 3013 ταῦτ’
523 2945 661 3015 ἀκοόειν
682 2948 859 3030 ἐθέλοντα,
890 2943 973 3014 ἀλλά
995 2947 1050 3014 καὶ

93 3043 250 3130 πράττειν
271 3043 490 3132 βουλόμενον,
510 3044 563 3131 ἵν’,
586 3037 613 3112 ά
634 3043 754 3130 άυδρες
772 3042 958 3130 Ἀθηναῖοι,
979 3052 1050 3113 τοῖν

92 3140 234 3227 ἀμαθῶν
243 3136 303 3224 τάς
313 3147 446 3224 ἐλπίδας
456 3142 497 3212 δι’
508 3142 607 3231 ὑμῶν
618 3141 730 3213 αὐτοῖν
742 3150 845 3231 ἔχητε,
862 3141 973 3229 καὶμὴ
988 3140 1050 3209 τόν

66 3245 182 3311 λδεῖνα
192 3240 276 3328 μηδὲ
288 3243 349 3310 τὸν
366 3247 458 3311 δεῖνα
474 3244 700 3329 πυνθάνησθε
717 3251 752 3312 τί
765 3243 907 3329 πράττει.
942 3241 997 3307 καὶ
1008 3245 1048 3306 τά

90 3339 150 3426 μὲν
160 3339 346 3426 προσιόντα
357 3349 398 3429 τῇ
409 3343 504 3410 πόλει
514 3344 639 3429 πάντα,
652 3345 708 3411 καὶ
717 3339 740 3411 δι’
750 3351 816 3411 νῦν
826 3344 862 3409 ἐκ
873 3347 941 3407 τάν
952 3341 1048 3406 ίδίωυ

72 3446 350 3546 Ι,λῑδθίῖνλίλίθῖῖτε
372 3448 419 3522 είς
438 3439 541 3511 οὐδὲν
552 3445 629 3510 δέον
640 3443 696 3511 καλ
709 3439 763 3510 ὅτ’
778 3444 816 3509 ἐκ
834 3435 1045 3523 τάνσνμμά·
