2340 3894
172 193 237 261 274
383 196 479 252 xvm.
512 185 931 251 Δειιιιοεοιιιυουε

173 375 227 422 σοι
238 352 322 438 πρὸς
336 351 450 437 αὐτόν,
469 377 509 438 τη
494 352 705 465 μισθαρνίᾳ
716 353 819 414 ταῦτα
830 344 1085 431 μετατιθέμενος
1095 343 1131 410 τά

109 537 114 547 ⁶
174 450 335 577 ὀνόματα
358 453 395 518 ἐκ
406 453 502 525 ποίας
512 440 691 531 γαρίσηςν
703 448 830 522 δικαίας
850 441 1050 564 προφάσεως
1072 446 1133 508 Αί-

174 747 317 831 σθωθης
340 747 392 813 ἐπὶ
412 771 458 832 τηι
480 769 520 810 τα
509 640 900 860 τουτωυὶσημφέρουτα
912 740 1130 821 διαφθείρειν.

158 886 160 892 -
175 842 278 912 αλλ
258 870 347 929 ομως
363 842 451 911 οὕτω
468 848 636 928 φανερῶς
630 836 742 917 αύτός
760 838 953 924 εἰλημμένος
969 833 1133 951 προδότης

123 939 126 958 '
174 944 229 1008 καί
250 939 333 1008 κατὰ
356 948 483 1006 σαυτοῦ
504 934 653 1023 μηνυτής
669 938 722 1005 ἐπὶ
738 949 805 1014 τοῑς
826 940 973 1020 σνμβάσι
990 959 1134 1018 φεγονως

176 1040 247 1123 ἐμοὶ
258 1042 466 1155 λοιδηρεῐκαι
455 1034 646 1116 ὀνειδίζεις
663 1041 785 1120 ταῦτα,
805 1024 853 1100 τόν
870 1031 999 1112 πάντας
1010 1039 1133 1117 μάλλον

175 1141 299 1212 αίτίους
312 1132 471 1221 εὑρήσεις.

112 1244 166 1299 285
260 1229 375 1299 Πολλά
389 1235 443 1299 καὶ
453 1231 539 1299 καλά
549 1233 603 1299 καὶ
614 1229 771 1317 μεγάλαή
785 1232 896 1314 πόλις,
910 1236 1072 1317 Αἰσχίνη,
1084 1231 1132 1297 καλ

174 1337 344 1414 προείλετο
356 1332 412 1398 καί
421 1329 626 1414 κατώρθωσε
638 1328 675 1396 δι’
691 1332 790 1415 ἐμοῦ,
803 1322 852 1395 τόν
865 1325 927 1395 ούκ
938 1325 1132 1414 ήμυημόυη-

175 1449 243 1497 σευ.
268 1443 404 1516 σημείου
417 1432 455 1496 δέ
461 1455 468 1468 ·
489 1434 690 1515 χειροτονῶν
701 1425 797 1514 γάρὸ
816 1431 919 1514 δήμος
928 1423 991 1494 τόν
1002 1420 1128 1512 ἐροῦντ’

175 1530 228 1596 ἐπὶ
245 1540 314 1606 τοίς
326 1527 574 1612 τετελευτηκόσι
591 1524 665 1612 παρ’
685 1524 769 1594 αύτά
791 1526 832 1594 τὰ
849 1525 1027 1612 συμβάντα
1046 1522 1088 1594 ού
1101 1523 1131 1590 σέ

174 1625 400 1711 ἐχειροτόνησε
411 1627 654 1712 προβληθέντα,
668 1634 786 1712 καίπερ
799 1625 957 1711 εὔφωνον
969 1623 1065 1710 ὄντα,
1079 1620 1131 1692 ού-

176 1725 212 1792 δέ
223 1725 398 1811 Δημάδην,
411 1723 486 1809 άρτι
497 1725 697 1809 πεποιηκότα
710 1723 771 1809 τήν
785 1723 931 1811 είρήυην,
950 1720 1030 1792 οὐδ’
1039 1721 1131 1809 Ἡγή-

175 1848 272 1909 μονα,
287 1821 361 1892 οὐδ’
377 1820 589 1908 άλλονύμοῖν
600 1820 733 1906 οὐδένα,
747 1819 815 1890 ἄλλ’
829 1824 893 1908 ἐμέ.
932 1825 990 1889 καὶ
1013 1829 1131 1907 παρελ-

174 1919 298 1998 θόντος
321 1929 385 1987 σοῦ
404 1920 460 1987 καὶ
483 1923 703 1999 Πυθοκλέους
727 1919 823 2046 άμηῖς
843 1924 897 1988 καὶ
922 1909 1169 2048 άυμιδῦς,ή3ι1

174 2024 243 2086 Ζεῦ
254 2021 309 2083 καί
319 1997 403 2098 θεοὶ,
423 2017 478 2083 καὶ
491 2019 769 2104 κατηγορούντων
780 2023 862 2105 ἐμοῦ
871 2017 978 2087 ταῦτά
991 2017 1014 2087 δι
1025 2022 1082 2088 και
1094 2016 1129 2086 σύ

175 2116 269 2199 νυνὶ,
291 2116 347 2182 καὶ
362 2119 647 2238 λοιδοροημέυων,
661 2114 742 2184 ἕτ”’
719 2145 858 2204 αμεινου
885 2119 1130 2205 ἐχειροτόνησεν

111 2220 166 2277 286
176 2216 240 2300 ἐμέ.
262 2239 299 2281 το
289 2210 343 2280 δ’
357 2222 465 2282 αίτιον
477 2212 540 2282 ούκ
553 2213 683 2301 άμνοεῑς
692 2204 816 2304 μέν,“
795 2244 885 2339 ομως
902 2218 938 2286 δέ
950 2219 1074 2303 φράσω
1085 2236 1129 2284 σοι

174 2310 277 2399 κάμω.
300 2311 455 2400 α’μφότερ
448 2307 647 2437 ’ήδεσαυ
604 2342 708 2399 ουτοι,
720 2315 809 2402 τήντ
813 2312 1070 2402 ’ἐμήυεύυοιοιν
1082 2315 1128 2383 καλ

175 2419 385 2536 προθμμίαυ,
408 2411 482 2499 μεθ’
502 2405 541 2500 ής
558 2415 599 2482 τά
615 2413 782 2501 πράγματ’
796 2419 976 2500 ἔπραττον,
1002 2419 1060 2483 καλ
1076 2411 1128 2501 τήν

160 2504 337 2596 ύμετέραν
354 2508 550 2579 άδικίαν·“
527 2540 548 2579 α
567 2539 631 2599 γαρ
649 2511 885 2581 εὐθενούντων
897 2519 967 2580 τῦυ
980 2511 1129 2601 πραγμά-

173 2634 240 2676 των
250 2608 408 2695 ηρνείσθε
419 2611 644 2696 διομνύμενοι,
655 2620 737 2680 ταῦτ
740 2609 799 2679 ’ἐν
812 2606 860 2690 οἷς
871 2609 1128 2698 ἐπταισευήπό-

173 2711 222 2782 λις
235 2702 476 2825 ωμολογήσατε
506 2706 587 2788 τούς
605 2702 667 2777 ούυ
679 2702 732 2778 ἐπὶ
749 2725 816 2789 τοῖς
828 2708 983 2789 κοινοίς’
963 2711 1127 2798 ατυχήμα-

174 2821 228 2869 σιν
242 2795 291 2869 όν
289 2804 472 2888 ἐφρόνουν
482 2805 645 2892 λαβόντας
664 2808 780 2876 άδειαυ
790 2806 982 2894 ἐχθρούς
943 2836 1007 2894 μευ
1021 2810 1126 2894 πάλαι,

110 2898 342 2985 μεἰφαυερούς
363 2900 399 2969 δέ
415 2900 518 2970 τόθ’
500 2905 667 2991 ηγήσαυτο
684 2906 797 2988 αύτοίς
813 2915 1034 2994 γεγενῆσθαι
1068 2906 1127 2977 εἶτα

173 3001 228 3067 καὶ
247 3000 428 3088 προσήκειν
448 2999 741 3124 ὑπολαμβάνοντες
762 3005 824 3075 τόν
842 3004 976 3092 ἐροῦντ’
997 3009 1051 3075 ἐπι
1068 3020 1137 3089 τοῖς

172 3101 418 3188 τετελευτηκόσι
447 3105 503 3170 καὶ
530 3103 593 3191 τήν
614 3109 684 3173 ἐκεί
670 3113 752 3174 ίυωυ
774 3104 897 3194 άρετήυ
920 3107 1127 3196 κοσμήσοντα

172 3195 285 3286 μήθΗ
270 3199 556 3289 ομωρόφιουμήθ’
570 3201 784 3290 ὁμόσπονδον
804 3209 1032 3330 φεμεηημένοη
1051 3204 1127 3273 εἶναι

77 3335 100 3377 .
172 3312 240 3378 τοίς
253 3298 338 3383 πρός
350 3302 497 3380 ἐκείνους
509 3308 803 3388 παραταξαμένοις,
816 3299 928 3389 μηδ”
911 3317 985 3372 εκεῖ
991 3303 1054 3389 μευ
1067 3329 1127 3371 κω·

169 3399 284 3484 μάζειν
302 3402 359 3467 καί
381 3405 564 3480 παιανιῗειν
583 3403 635 3470 ἐπὶ
653 3416 725 3483 ταῖς
741 3410 809 3470 τῦν
818 3399 986 3489 Ἑλλήνων
999 3422 1126 3490 συμφο-
