2356 3870
344 186 484 255 ΚΑΤΑ
504 187 774 254 munior
790 193 828 255 Γ.
998 195 1060 259 109

922 266 928 299 λ

104 344 186 427 τοὺς
196 347 256 433 μέν
265 345 476 435 ἐκβαλόντες,
493 347 573 428 τοὺς
584 349 615 417 δ’
629 349 897 438 ἀποκτείναντες,
913 350 976 422 ὁδ’
987 354 1060 423 Εὐ·

105 458 229 531 φραῑος
247 447 370 524 ἐκεῖνος
387 445 573 534 ἐπέσφαξεν
588 447 727 535 ἑαυτὸν,
750 455 835 540 ἔργῳ
847 453 1060 539 μαρτυρήσας

105 541 158 618 ὅτι
178 547 311 622 δικαίως
331 544 387 611 καὶ
407 554 567 630 καθαροῖς
587 543 673 633 ὑπὲρ
693 556 763 615 τῶν
779 556 924 616 πολιτῶν
941 546 1061 618 ἄνθει-

104 639 218 729 στήκει
229 649 394 732 Φιλίππῳ.
836 706 838 710 ,
893 712 897 719 ,

61 751 98 805 63
194 747 237 811 Τι’
244 733 307 809 οὖν
317 742 394 812 ποτ’
407 753 529 831 αίτιον,
551 743 734 832 θαυμάζετ’
748 755 843 833 ίσως,
865 745 902 815 τὸ
914 744 1061 825 καὶτοὺς

81 873 85 878 ·
103 837 302 921 Ὀλυνθίους
312 846 367 911 καί
376 842 454 923 τούς
464 841 641 928 Ἐρετριέας
649 845 704 912 καὶ
713 841 792 923 τοὺς
799 842 947 932 Ὠρείτας
962 843 1062 930 ήδιον

105 935 288 1023 πρὸςτούς
302 939 387 1028 ὑπὲρ
399 949 566 1010 Φιλίππου
583 945 739 1028 λέγοντας
755 948 842 1028 ἔχειν
852 939 874 1029 ή
885 944 964 1021 τούς
974 939 1060 1025 ὑπὲρ
1165 982 1170 990 -

106 1035 238 1120 αὖτοῑνς
262 1038 344 1125 ὅπερ
365 1044 420 1109 καλ
439 1040 519 1125 παρ’
532 1038 627 1127 ὑμῖν,
650 1040 701 1109 ὅτι
722 1055 791 1120 τοῖς
812 1040 873 1126 μὲν
894 1037 978 1121 ὑπὲρ
998 1048 1062 1106 τοῦ

108 1143 281 1227 βελτίστου
299 1134 452 1225 λέγουσιν
473 1137 552 1207 οὐδὲ
572 1141 786 1225 βουλομένοις
808 1145 936 1206 ἐνεστιν
955 1141 1060 1206 ἐνίοτε

109 1238 194 1325 πρὸς
213 1239 309 1326 χάριν
331 1237 431 1308 οὐδὲν
452 1245 571 1308 είπεῑν·
598 1235 639 1305 τά
658 1237 723 1322 γὰρ
743 1235 906 1322 πράγματ’
931 1234 1060 1320 ἀνάγκη

110 1351 247 1406 σκοπεῖν
259 1336 348 1428 ὅπως
358 1337 561 1424 σωθήσεται·
583 1339 617 1404 οί
627 1332 659 1403 δ’
672 1337 708 1402 ἐν
719 1332 829 1412 αὐτοῖς
847 1329 895 1412 οἷς
909 1340 1062 1421 χαρίζον-

62 1459 102 1516 (54
110 1463 173 1505 ταν
181 1444 332 1528 Φιλίππῳ
349 1437 627 1523 συμπράττουσιν.
660 1436 825 1519 εἰσφέρειν
843 1435 1013 1515 ἐκέλευον,
1031 1434 1065 1498 οί

112 1533 146 1603 δ”
158 1532 258 1603 οὐδὲν
272 1540 497 1622 δεῑνέφασαν·
519 1541 674 1618 πολεμεῖν
692 1533 748 1598 καὶ
764 1529 808 1616 μή
826 1529 1009 1612 πιστεύειν,
1031 1532 1066 1595 οί

103 1631 146 1701 ’δ’
167 1632 261 1720 ἄγειν
282 1632 434 1721 είρήνην,
463 1633 524 1712 ἕως
544 1631 846 1717 ἐγκατελήφθησαν,
879 1627 983 1696 τάλλα
1002 1627 1064 1694 τδν

111 1726 352 1821 αὐτὸντρόπον
361 1732 452 1818 οίμαι
461 1729 580 1817 πάνθ’,
602 1729 713 1816 ἵναμή
724 1729 806 1798 καθ’
824 1729 945 1797 ἕκαστα
961 1730 1062 1812 λέγω·

112 1833 148 1896 ολ
166 1825 230 1914 μὲν
253 1827 309 1914 ἐφ’
327 1827 449 1918 οἶςήδη
461 1837 666 1915 χαριοῦνται,
687 1825 780 1896 ταῦτ’
796 1824 1065 1913 ἐλεγονκαίέλύ-
1151 1869 1154 1872 <

110 1952 200 1997 πουν
213 1926 330 2016 οὐδὲν,
353 1934 388 1998 οί
395 1928 429 1998 δ’
441 1933 474 2011 ἐξ
491 1921 539 1998 οἷν
555 1927 937 2029 ἐμελλορσωθήσεσθαι,
958 1925 1077 2010 προσ-Ι

98 2033 199 2119 ιήσαν
216 2026 251 2095 δ’
267 2025 450 2115 ’ἀπέχθειαι
470 2027 575 2097 πολλὰ
587 2031 688 2097 δὲκαὶ
698 2026 738 2096 τά
749 2035 919 2095 τελευταῖα
930 2020 991 2108 οὐχ
1002 2020 1064 2090 οὕ-

111 2139 176 2203 τοις
186 2125 262 2193 οὔτε
273 2125 356 2211 πρὸς
366 2128 463 2214 χάριν
474 2128 551 2196 οὔτε
562 2126 605 2196 δι’
625 2128 765 2213 ἄγνοιαν
781 2132 815 2196 οί
832 2126 948 2195 πολλοὶ
966 2128 1063 2206 προλ-

111 2249 205 2306 εντο,
228 2221 299 2290 ἀλλ’
313 2223 669 2313 ὑποκατακλινόμενοι,
692 2225 802 2313 ἐπειδή
819 2240 887 2302 τοῖς
904 2224 994 2301 ὅλοις
1003 2219 1063 2306 ἡτ-

64 2321 404 2406 ῦὸτᾶσθαιέυόμιζον.
429 2319 570 2408 δνήτόν
579 2331 646 2391 Δία
657 2328 712 2392 καὶ
722 2325 781 2393 τὸν
789 2325 936 2393 Ἀπόλλω
946 2320 1064 2390 δέδοικ’

110 2415 177 2504 ἐγεδ
188 2415 233 2504 μὴ
245 2418 378 2504 πάθηθ’
393 2417 502 2506 ὑμεῖς,
516 2421 651 2490 ἐπειδᾶν
660 2427 767 2509 είδήτε
778 2426 814 2490 ἐκ
825 2428 988 2508 λογισμοῦ
1001 2433 1065 2506 μη-

111 2518 170 2586 δὲν
182 2512 262 2602 ὑμῖν
272 2517 357 2586 ένόν.
392 2525 498 2588 καίτοι
508 2518 553 2608 μή
564 2524 707 2605 γένοιτο,
719 2513 746 2590 ά
756 2519 876 2607 ἄνδρες
884 2519 1064 2606 Ἀθηναῖοι,

109 2618 151 2685 τὰ
165 2613 330 2702 πράγματ’
350 2617 518 2707 ἐντούτῳ·
540 2620 703 2687 τεθνάναι
719 2618 781 2705 γάρ
792 2618 946 2707 μυριάκις
956 2630 1066 2704 κρείτ-

109 2742 170 2784 του
188 2707 380 2805 ήκολακείῳ
396 2745 427 2784 τι
442 2725 576 2805 ποιήσαι
588 2724 739 2807 Φιλίππῳ
758 2719 813 2787 καὶ
824 2720 988 2804 προέσθαι
998 2721 1128 2786 tame

111 2809 196 2896 ὑπὲρ
211 2819 309 2900 ὑμῶν
327 2815 492 2900 λεγόντων
508 2819 608 2905 τινάς.
641 2817 749 2905 καλήν
766 2815 798 2902 γ’
817 2822 852 2885 οί
867 2817 984 2886 πολλοὶ
1000 2823 1066 2884 νῦν

112 2908 335 3000 ἀπειλήφασιν
351 2913 507 3001 Ὠρειτῶν
528 2913 642 3003 χάριν,
666 2915 719 2985 ὅτι
737 2931 805 2994 τοῖς
822 2923 991 2985 Φιλίππου
1007 2921 1067 3002 φί-

69 3028 103 3086 66
111 3019 182 3091 λοις
190 3015 374 3096 ἐπέτρεψαν
385 3012 509 3093 αὐτοὺς
515 3066 524 3099 ,
536 3013 597 3084 τὸν
609 3015 640 3083 δ’
652 3013 991 3102 Εὐφραλονέάθουν·
1003 3041 1065 3082 κα·

111 3111 175 3197 λήν
191 3109 226 3195 γ’
245 3106 263 3179 ὁ
281 3116 385 3198 δῆμος
403 3110 637 3201 ὁἘρετριέωυ,
659 3113 712 3183 ὅτι
728 3115 807 3194 τούς
817 3113 1067 3202 μὲνὺμετέρους

109 3210 264 3296 πρέσβεις
289 3207 470 3296 ιἰπήλασε,
486 3213 676 3303 Κλειτάρχῳ
704 3211 735 3281 δ’
764 3216 925 3283 ἐνέδωκεν
946 3209 1064 3283 αὐτόν·
1162 3290 1166 3299 Ι

109 3308 315 3377 δουλεύουσί
322 3312 360 3394 γε’
371 3311 627 3397 μαστιγούμενοι
636 3315 693 3380 καὶ
704 3313 971 3401 στρεβλούμενοι.
1004 3337 1067 3380 κα-

108 3410 178 3487 λῶς
191 3404 377 3476 Ὀλυνθίαν
386 3411 540 3496 ἐφείσατο
551 3417 620 3479 τοῖν
629 3407 690 3481 τὸν
700 3411 762 3499 μὲν
772 3413 930 3498 Λασθένη
940 3413 1068 3495 ίππαρ·
