2340 3894
129 207 194 271 εει
276 210 286 264 .·
311 256 316 262 .
342 206 420 265 αυτ
440 197 874 279 -Δυωοεουαουε

133 365 166 437 δ’
185 363 346 434 ἁπάντων
360 368 430 429 τῶν
445 356 628 444 Ἑλλήνων,
650 354 742 441 δρῶν
754 361 908 446 Φιλίππῳ
926 357 990 443 μὲν
1006 355 1097 448 ὑμᾶς

135 456 413 584 ὀργιζομένους,“
392 461 477 539 οςέκ
488 461 634 552 πολέμου
645 455 847 542 ποιούμενος
867 424 1009 543 εἰρήνην
1028 482 1096 523 πα-

137 588 259 648 ρατων
269 558 474 628 αωλονντων
484 583 543 635 τας
559 555 693 640 πράξεις
702 557 834 622 ἐωνεῖτο
842 562 1001 641 ,πράημα
1013 565 1099 622 πολ-

93 645 98 661 ’
137 662 200 750 λήν
227 658 430 745 συγγνώμην
457 662 533 742 ἔχον
561 654 863 750 διαπραττόμενος,
899 658 1034 721 τουτονὶ
1062 645 1093 722 δ’

137 755 354 882 ἀφιέντας,“
334 785 371 837 ος
383 783 424 824 τα
435 758 578 841 νμετερα
589 780 695 832 ουτως
705 760 847 839 αίσχρως
857 752 1018 838 απεδοτο
1029 779 1100 820 των

27 877 29 882 “
137 861 254 946 νόμων
269 885 310 925 τα
298 855 447 942 ἔσχατα
463 854 652 922 ταττόντων
669 855 826 939 ἐπιτίμια,
848 851 907 919 ἐάν
927 878 977 930 τις
994 859 1099 919 ταῦτα

137 981 226 1026 ποι.

78 1055 130 1112 134
196 984 316 1136 ῃΤάχα
325 1057 442 1118 τοίνυν
454 1050 749 1128 λσωςκαίτοιοῦτος
757 1048 826 1137 ἥξει
837 1076 886 1129 τις
896 1051 999 1136 λόγος
1009 1049 1099 1139 παρά

138 1154 284 1241 τούτων,
297 1149 341 1230 ὡς
351 1148 435 1237 ἀρχή
447 1151 621 1238 γενήσεται
632 1147 717 1235 πρός
728 1156 896 1217 Φίλιππον
906 1154 1048 1236 ἔχθρας,
1072 1155 1101 1216 εί

32 1321 35 1326 ,
139 1258 207 1320 τῶν
219 1251 501 1338 πρεσβευσάντων
511 1249 573 1336 τήν
585 1250 722 1336 είρήνην
732 1259 1010 1335 καταψηφιεῖσθε.
1035 1247 1100 1335 ἐμοὶ

140 1347 184 1436 δ’,
196 1355 228 1416 εί
234 1346 325 1416 τοῦτ’
340 1353 430 1416 ἔστιν
441 1345 580 1434 ἀληθὲς,
599 1345 661 1416 οὑκ
673 1353 734 1433 ἔχω
746 1350 978 1433 σκοπούμενος
989 1347 1102 1433 εὑρεῖν

139 1447 160 1517 ό
175 1475 208 1516 τι
223 1456 335 1535 μεῖζον
348 1449 473 1516 τοότον
489 1448 714 1534 κατηγορήσω.
751 1453 782 1514 εί
790 1445 855 1531 γάρ
867 1445 885 1514 ὁ
897 1455 956 1533 τῆς
968 1449 1102 1534 εἰρήνης

137 1546 272 1634 χρήματ’
284 1545 461 1626 ἀναλώσας
473 1546 559 1615 ὥστε
568 1561 690 1632 τυχεῖν,
698 1536 797 1623 οὗτος
807 1544 895 1612 οὕτω
906 1549 1027 1632 γέγονε
1036 1572 1102 1632 φο-

139 1643 237 1732 βερός
258 1648 314 1713 καὶ
334 1650 435 1732 μέγας
459 1643 543 1713 όόστε
564 1654 633 1713 τοῖν
654 1644 769 1731 ὅρκων
792 1643 849 1712 Ικαί
869 1651 939 1712 τῶν
957 1650 1099 1715 δικαίων

139 1742 370 1831 ἀμελήσαντας
380 1743 467 1831 ὑμεῖς
476 1743 540 1831 ήδη
551 1752 586 1813 τί
594 1752 746 1834 Φιλίππω
765 1749 934 1831 χαριεῖσθε
946 1762 1097 1833 σκοπεῖν,

139 1849 174 1910 τί
180 1843 350 1921 παθόντες
360 1839 403 1910 ἀν
413 1847 447 1911 οί
462 1845 592 1910 τούτων
608 1853 706 1911 αἴτιοι
715 1841 777 1930 τήν
792 1845 1035 1929 προσήκουσαν
1048 1850 1101 1914 δό-

78 1948 130 2005 Ιλλ
140 1965 205 2025 κην
222 1941 406 2018 δεδωκότες
421 1939 505 2022 εἶενς
527 1939 572 2008 οό
588 1940 655 2027 μήν
670 1940 739 2010 ἀλλ’
754 1942 805 2011 ὅτι
822 1945 878 2010 καὶ
889 1951 1004 2029 φιλίας
1013 1943 1098 2032 ἀρχή

141 2037 377 2123 συμφερούσης
387 2036 467 2123 ὑμῖν
478 2039 567 2108 οὕτω
579 2048 708 2126 μᾶλλον
717 2044 754 2110 ἐκ
764 2051 833 2111 τῶν
845 2043 987 2112 εἰκότων
996 2045 1100 2131 γενή-

141 2158 249 2220 σεται,
269 2139 327 2205 καὶ
342 2135 437 2204 τοῦτ’
464 2135 555 2226 οἶμαι
582 2143 709 2219 δείξειν.
739 2133 788 2208 ἐὑ
804 2139 919 2227 χάρί
888 2144 1014 2212 εἰδέναι
1037 2142 1098 2230 χρή

51 2286 56 2293 .
140 2230 291 2321 τοῦδ’,
270 2261 324 2303 οτι
337 2233 379 2304 οό
395 2252 603 2324 καταφρονεῖ
614 2234 845 2325 Φίλιππος,
817 2268 843 2310 ω
864 2241 1005 2327 ἀνδρες’
1000 2253 1099 2330 Acm-

140 2348 245 2419 ναῖοι,
266 2342 324 2421 τῆς
339 2334 521 2415 πόλεως
482 2364 540 2424 της
551 2336 728 2439 ὑμετέρας,
746 2338 819 2408 οὐδ’
833 2337 1099 2463 ἀχρηστοτέρους

139 2432 318 2516 νομίσας
299 2444 385 2558 υμᾶς
407 2443 564 2524 Θηβαίων
591 2443 660 2507 ἐκεί
646 2445 739 2518 ίνους
766 2438 863 2508 εἵλετ’
886 2438 966 2507 ἀνθ’
989 2439 1096 2562 ὑμων.
1106 2453 1141 2509 λδ

139 2530 240 2600 ἀλλΗ
221 2532 287 2601 υπδ
298 2535 428 2603 τούτων
431 2536 603 2703 ,ἐδιδάχθη
622 2540 678 2606 καὶ
693 2534 792 2605 ταῦτ’
805 2537 972 2627 ήκουσευ,
996 2537 1019 2608 δι’
1042 2546 1097 2609 καὶ

139 2631 304 2717 πρότερόν
319 2632 394 2702 ποτ’
414 2633 509 2704 εἷπον
522 2635 588 2723 ἐγώ
607 2636 690 2725 πρός
706 2635 792 2725 ὑμᾶς
807 2642 845 2707 ἐν
861 2666 907 2730 τω
896 2641 1025 2730 δήμω
1043 2644 1098 2711 καὶ

75 2742 128 2801 1³6
138 2727 268 2798 τούτων
286 2726 433 2810 οὐδείς’
413 2749 582 2823 αυτείπευ,
601 2733 646 2816 ἀς
662 2735 754 2824 ὁμὲν
769 2739 906 2861 δῆμός’
890 2761 983 2809 εστιν
994 2738 1093 2809 άστα-

96 2825 350 2912 δμητότατον
365 2840 499 2918 πρᾶγμα
509 2842 578 2901 τῶν
588 2837 726 2906 πάντων
735 2841 791 2907 καλ
801 2836 1094 2925 ἀσυνθετώτατον,

138 2922 250 3010 ὥσπερ
265 2928 302 2993 ἐν
317 2928 467 3019 θαλάττη
479 2928 616 3020 πνεῦμα
628 2934 871 3025 ἀκατάστατον,
891 2937 935 3018 ἀς
946 2967 992 3007 αν
1001 2965 1094 3026 τυχη,

135 3023 344 3109 κινούμενος.
379 3025 598 3122 ὁμενήλδεν,
611 3032 675 3104 ὁδ’
692 3034 860 3124 ἀπῆλθεν·
879 3034 1017 3124 με’λειδ’
1034 3035 1094 3105 οό-

135 3126 205 3191 δευι
222 3131 291 3193 τῶν
308 3153 452 3214 κοινων,
463 3129 541 3202 οὑδὲ
552 3137 722 3225 μέμνηται.
760 3141 814 3205 δεῖ
820 3141 858 3207 δέ
871 3163 1001 3223 τιναςφ
1003 3143 1094 3214 ίλους

132 3216 298 3311 ὑπάρχειν
313 3225 393 3307 τοὺς
415 3231 536 3298 ἕιιαστα
556 3236 743 3319 πράξοντας
758 3239 802 3305 ἐν
831 3233 913 3322 ὑμίν
927 3232 1022 3324 αὐτῷ
1038 3235 1093 3303 καὶ

132 3321 379 3411 διοικήσοντας,
397 3323 524 3397 οἷον
482 3356 581 3410 ουτος
591 3334 649 3418 δη
672 3333 800 3421 κάντιερ
812 3360 904 3403 αντω
914 3360 1017 3402 τουτο
1029 3359 1085 3400 κα-
1140 3386 1141 3391 1
