2340 3894
302 207 428 271 ΠΕΡΙ
452 208 554 268 ΤΟΥ
570 207 870 273 ΣΤΕΦΑΝΟῬ.
1004 208 1071 280 ῗὸλ

107 368 172 455 γάρ
183 374 296 454 παρῆν
305 369 361 436 καί
371 365 452 453 μετά
463 374 532 434 τῶν
540 366 651 438 άλλων
660 371 837 456 ἐξητάζετο,
844 379 914 452 πῶς
922 371 964 441 οὐ
973 372 1065 444 δεινά

110 479 212 553 ποιεῖ,
236 473 363 552 μᾶλλον
382 465 414 532 δ’
432 463 506 534 οὐδ’
527 465 618 552 ὅσια,
641 475 672 537 εί
686 462 735 536 ῆν
753 465 1065 554 ὡςάρίστωναδτός

108 563 188 643 τούς
198 563 303 642 θεοὺς
312 563 487 650 ἐποιῆσατο
499 564 684 653 μάρτυρας,
699 567 801 636 ταῦθ’
817 566 861 648 ὥς
872 568 935 639 οὐκ
946 571 1064 657 άριστοι

109 672 174 731 νῦν
184 661 272 749 άμάς
283 660 370 744 άξιοῖ
376 669 589 749 ψηφίσασθαι
599 664 678 745 τούς
689 665 902 753 ὀμωμοκότας
913 668 991 749 τοὺς
1002 681 1064 739 θε-
1072 660 1121 736 30¹

109 763 182 842 ούς;
203 767 235 829 εί
250 760 287 829 δὲ
302 759 346 847 μῆ
364 768 492 848 παρῆν,
515 771 585 842 πῶς
603 761 666 831 οὐκ
682 763 889 833 ἀπολωλέναι
905 769 1064 848 πολλάκις

109 864 174 930 ἐστὶ
193 865 335 947 δίκαιος,
358 865 389 928 εί
404 858 458 945 ἐφ’
477 855 526 940 ολς
544 857 675 947 ἐχαιρον
696 867 730 930 οί
739 863 849 949 άλλοι,
870 875 973 933 ταῦτα
985 870 1062 935 ἐλυ-

109 973 199 1028 πεῖτο
211 957 328 1046 ὁρῶν;.
339 965 424 1045 Λέγε
435 958 474 1042 δῆ
487 961 656 1028 καὶταῦτα
667 961 707 1031 τά
720 964 914 1049 ψηφίσματά
925 992 990 1051 μοι.
1032 1047 1034 1051 ,

334 1117 618 1180 ΨἩΦΙΣΜΑΤΑ
639 1119 823 1182 mum.

60 1253 102 1309 218
195 1238 435 1328 θάκοάνῆμεῖς
444 1241 505 1327 μὲν
516 1245 553 1308 ἐν
563 1247 697 1318 θυσίαις
707 1234 793 1327 ῆμεν
809 1242 897 1329 τότε,
922 1251 1060 1337 Θηβαῖοι

82 1355 85 1361 ’
110 1337 141 1407 δ’
155 1343 194 1408 ἐν
203 1347 249 1431 τῷ
260 1337 304 1407 δι’
317 1338 404 1426 ἡμᾶς
415 1347 585 1431 σεσῶσθαι
595 1346 755 1426 νομίζειν,
776 1342 831 1408 καί
843 1343 1060 1427 περιειστήκει

108 1453 178 1519 τοῖς
192 1445 352 1525 βοηθείας
369 1440 549 1525 δεήσεσθαι
566 1443 726 1506 δοκοῦσιν
745 1435 806 1524 ἀφ’
830 1431 879 1504 ὧν
899 1443 1061 1523 ἔπραττον

110 1531 220 1623 οὗτοι,
243 1536 367 1617 αὐτοδς
382 1545 523 1626 βοηθεῖν
541 1539 662 1624 ἑτέροις
678 1540 711 1616 ἐξ
730 1528 779 1604 ὦν
797 1534 965 1622 ἐπείσθητ’
979 1540 1058 1623 ἐμοί.

110 1637 193 1704 άλλά
211 1634 278 1724 μῆν
295 1641 366 1716 οίας
382 1635 450 1706 τότ’
463 1634 555 1724 ῆφίει
567 1633 711 1722 φωνάςὸ
724 1642 887 1718 Φίλιππος
897 1638 953 1704 καὶ
964 1640 1001 1703 ἐν
1012 1639 1062 1704 ολ-

110 1763 160 1815 αις
181 1728 226 1822 ῆν
245 1750 398 1821 ταραχαῖς
415 1739 467 1803 ἐπὶ
483 1737 628 1821 τούτοις,
653 1738 688 1803 ἐκ
705 1743 773 1813 τῶν
793 1738 975 1803 ἐπιστολῶν
994 1742 1063 1803 τῶν

110 1837 240 1903 ἐκείνου
267 1834 464 1919 μαθήσεσθε
492 1826 542 1901 άν
562 1839 608 1914 είς
628 1835 889 1920 Πελοπόννησον
909 1839 1062 1921 ἔπεμπεν.

108 1944 165 2002 καί
180 1959 237 2019 μοι
254 1936 329 2018 λέμε
341 1933 467 2013 ,ταύτας
478 1930 601 2022 λαβών,
618 1933 666 2002 ἵν’
678 1939 783 2021 εἰδῆτε
802 1930 821 2019 ῆ
839 1929 900 2020 ἐμῆ
911 1937 1062 2020 συνέχεια

109 2033 163 2099 καὶ
181 2030 302 2099 πλάνοι
318 2035 372 2099 καὶ
390 2040 606 2117 ταλαιπωρίαι
622 2035 677 2101 καὶ
687 2031 726 2101 τά
738 2025 844 2100 πολλοὶ
854 2040 1062 2121 ψηφίσματα,

109 2125 206 2197 άνῦν
218 2121 315 2208 οὗτος
326 2134 474 2218 διέσυρε,
485 2129 756 2215 τίάπειρμάσατο.

56 2236 100 2298 ²19
192 2234 310 2298 Καίτοι
321 2233 437 2298 πολλοὶ
447 2226 523 2316 παρ’
537 2227 633 2315 ὑμῖν,
645 2229 764 2313 άνδρες
771 2225 953 2314 Ἀθηναῖοι,
964 2229 1063 2312 γεγό-

109 2345 186 2396 νασι
202 2327 339 2416 βῆτορες
354 2333 482 2408 ἔνδοξοι
497 2328 552 2396 καὶ
569 2326 705 2413 μεγάλοι
726 2326 790 2412 πρὸ
813 2331 905 2412 ἐμοῦ,
938 2333 1063 2411 Καλλί-

110 2447 248 2511 στρατος
259 2430 398 2512 ἐκεῖνος,
407 2422 624 2512 Ἀριστοφῶν,
636 2429 798 2510 Κέφαλος,
812 2421 1061 2509 Θρασύβουλος,

109 2527 216 2612 ἕτεροι
232 2532 359 2613 μυρίοι·
382 2523 457 2593 ἀλλ’
476 2524 566 2612 ὅμως
582 2522 691 2602 οὐδεὶς
707 2522 839 2590 πάποτε
857 2522 987 2590 τούτων
1008 2521 1062 2587 διά

108 2621 235 2702 παντὸς
246 2629 368 2692 ἔδωκεν
379 2621 498 2692 ἑαυτὸν
511 2631 557 2704 είς
570 2623 670 2693 οὐδὲν
685 2630 725 2712 τῆ
742 2623 851 2705 πόλει,
874 2617 948 2688 ἀλλ’
967 2617 984 2689 ὁ
1002 2618 1063 2705 μὲν

106 2723 251 2808 γράφων
262 2721 324 2791 οὐκ
335 2717 378 2790 άν
389 2726 626 2811 ἐπρέσβευσεν,
650 2720 668 2790 ὁ
686 2725 721 2792 δὲ
738 2721 934 2810 πρεσβεύων
945 2719 1006 2789 οὐκ
1019 2714 1062 2787 άυ
1166 2734 1169 2740 ’

106 2829 261 2907 ἔγραψεν.
290 2820 447 2891 ὑπέλειπε
457 2821 522 2909 γάρ
534 2822 647 2892 αὐτῶν
657 2827 793 2902 ἕκαστος
803 2824 910 2911 ἐαυτῷ
922 2819 990 2908 άμα
1001 2823 1061 2906 μὲν

56 2922 298 3010 λῖορφστάνην,
321 2921 388 3007 ἅμα
407 2921 451 3006 δ’,
485 2921 698 3009 είτιγέυοιτ’,
719 2920 905 3007 άναφοράνζ
941 2927 976 2988 τί
984 2912 1063 2997 οὖν;

107 3030 194 3089 είποι
203 3046 253 3100 τις
263 3015 324 3103 άν,
341 3019 384 3088 σύ
396 3029 558 3091 τοσοῦτον
569 3020 736 3107 ὑπερῆρας
747 3019 824 3098 τούς
835 3019 959 3097 ἄλλους
969 3017 1063 3106 ῥάμη

108 3122 164 3189 καλ
178 3118 283 3207 τόλμῃ
300 3117 384 3187 ίίστε
399 3120 510 3188 πάντα
527 3135 633 3188 ποιεῖν
650 3118 765 3197 αὐτός;
788 3115 830 3186 οὐ
845 3125 950 3185 ταῦτα
967 3117 1064 3200 λέγω,

109 3215 182 3288 ἀλλ’
203 3217 311 3299 οὕτως
327 3222 525 3307 ἐπεπείσμην
541 3221 647 3306 μέγαν
664 3215 748 3284 εἶναι
765 3213 825 3284 τὸν
843 3213 1064 3299 κατειληφότα

110 3323 272 3387 κίνδυνον
289 3318 352 3406 τῆν
368 3319 467 3388 πόλιν
484 3316 562 3386 ὥστ’
584 3314 648 3384 οὐκ
669 3315 776 3382 ἐδόκει
795 3339 851 3399 μοι
861 3310 974 3398 χώραν
985 3306 1065 3377 οὐδὲ

110 3417 278 3504 πρόνοιαν
288 3415 448 3504 οὐδεμίαν
460 3426 518 3504 τῆς
534 3422 619 3496 ίδίας
630 3413 813 3500 άσφαλείας
824 3410 971 3495 διδόναι,
994 3405 1065 3476 ἀλλ’

157 3514 295 3568 Demosth.
340 3514 400 3566 Vol.
416 3514 439 3571 1.
477 3507 479 3512 ¹
616 3572 619 3576 ¹
891 3506 929 3561 Ἦ
