2340 3894
142 200 206 293 τοο
344 202 439 259 ινιιι
476 194 899 257 ΔΗΜοΣοιιΝονΣ

143 363 435 446 παραταξαμένους
456 359 584 424 ἐκεῖνον
606 356 750 422 κωλύειν
769 360 942 441 ἐποίησεν,
969 354 1044 423 ἀντὶ
1066 355 1102 425 δὲ

142 470 205 528 τοῦ
215 463 253 527 ἐν
264 467 304 547 τῇ
321 456 447 543 Ἀττικῇ
463 456 522 522 τὸν
533 453 680 539 πόλεμον
694 452 778 521 εἶναι
791 454 972 523 ἑπτακόσια
984 454 1103 522 στάδια

144 557 209 627 άπὸ
221 567 280 645 τῆς
290 560 416 635 πόλεως
427 558 479 623 ἐπὶ
489 568 557 632 τοῖς
570 561 728 620 Βοιωτῶν
738 552 841 636 ὁρίοις
850 555 1028 638 γενέσθαι,
1041 551 1104 621 άν-

143 660 175 724 τὶ
185 658 221 725 δὲ
231 665 292 726 τοῦ
303 655 381 735 τους
389 650 510 741 λῃστάς
520 650 605 738 ἡμᾶς
615 653 731 738 φέρειν
741 655 797 721 καλ
808 650 903 736 άγειν
913 655 950 719 ἐκ
961 660 1021 738 τῆς
1031 652 1104 720 Εὐ-

143 761 260 874 βρίας
247 758 283 823 έν
296 756 412 842 είρήνη
422 751 484 839 τήν
499 751 649 838 Ἀττικήν
661 755 697 818 ἐκ
713 751 881 837 θαλάττης
896 750 983 818 εἶναι
993 752 1103 819 πάντα

144 960 277 1035 λιππον,
292 950 438 1070 λαβόντα
447 955 515 1028 Βυζ
499 955 641 1034 αυτιον,
650 957 873 1034 συμπολεμειν
881 974 961 1029 τους
972 956 1103 1068 Βφζαν-

83 1065 134 1118 231
145 1055 235 1126 τίους
246 1046 318 1133 μεθ
332 1045 428 1133 ήμῶν
438 1045 522 1130 πρὸς
532 1050 672 1115 ἐκεινου.
706 1047 772 1130 άρά
784 1067 837 1114 σοι
848 1047 975 1133 ψήφοις
987 1046 1101 1133 ὅμοιος

31 1200 35 1212 ,
122 1143 247 1214 ὁτων
263 1151 370 1230 ἔργων
378 1145 550 1266 λργισμὸς
572 1154 739 1231 φαίνεται;
770 1141 792 1232 ή
817 1151 886 1214 δειν
907 1144 1102 1215 ἀντανελεῖν

144 1252 257 1330 ταῦτα,
269 1241 337 1311 ἀλλ’
346 1241 506 1329 οὐχὸπως
516 1243 575 1312 τόν
585 1245 716 1314 ἅπαντα
726 1246 850 1331 χρόνον
860 1245 1101 1368 μνημονευθή·

146 1364 237 1410 σεται
252 1349 455 1424 σκέψασθαω
476 1346 533 1411 καὶ
549 1343 662 1412 οὐκέτι
677 1343 920 1430 προστίθημι”
899 1369 949 1411 οτι
966 1351 1024 1429 τῆς
1038 1370 1100 1428 μευ

147 1439 330 1528 ὠμότητος,
352 1439 394 1527 ήν
414 1446 450 1510 ἐν
465 1437 513 1520 οἷς
530 1443 686 1522 καθάπαξ
702 1450 806 1510 τινων
822 1442 940 1524 κάρτος
960 1447 1097 1527 κατέστη

146 1547 308 1619 Φίλιππος
319 1547 408 1607 ἔστιν
421 1545 520 1624 ἰδεῖν,
539 1543 660 1625 ἑτέροις
669 1550 871 1627 πειραθῆναι
882 1547 1022 1628 συνέβη,
1044 1551 1098 1627 τῆς

147 1644 183 1707 δὲ
194 1645 459 1725 φιλανθρωπίας,
466 1636 509 1725 ήν
515 1637 556 1706 τά
567 1637 666 1707 λοιπά
678 1640 964 1725 των··τιραγμάτων
975 1644 1113 1727 ἐκεῖνος,

107 1775 122 1808 ι
146 1737 427 1824 περιβαλλόμενος
449 1738 641 1824 ἐπλάττετο,
673 1736 769 1824 ὑμεῖς
789 1747 898 1818 καλῶς
925 1747 1098 1819 ποιοῦντες

144 1837 223 1914 τοὺς
233 1834 383 1918 καρποὺς
394 1832 583 1922 κεκόμισθε.
604 1834 672 1917 ἀλλ’
684 1841 728 1906 έω
739 1846 851 1905 ταῦτα.

82 1948 136 2003 232
228 1937 294 2000 Καὶ
310 1933 377 2018 μήν
395 1932 474 2002 οὐδὲ
490 1933 582 2002 τοῦτ’
597 1943 700 2004 εἰπεῖν
711 1933 861 2022 όκνήσω,
875 1935 926 2005 ότι
937 1936 956 2007 ὁ
969 1940 1030 2009 τὸν
1041 1937 1098 2025 ῥήτ

141 2057 223 2115 τορα
234 2032 437 2118 βουλόμενος
455 2039 587 2112 δικαίως
599 2036 757 2115 ἐξετάζειν
779 2038 834 2103 καλ
857 2036 901 2122 μή
925 2057 1098 2124 συκοφαν·

142 2143 220 2215 τείν,
233 2126 295 2198 οάκ
306 2125 350 2197 άν
361 2123 413 2197 οἷα
425 2127 468 2197 σὺ
480 2140 545 2199 νῦν
557 2137 675 2219 ἔλεγες,
687 2144 822 2202 τοιαῦτα
833 2137 1023 2224 κατηγόρει,
1036 2159 1144 2213 aza-305

105 2294 109 2303 ,
142 2236 346 2316 ραδείγματα,
353 2228 505 2299 πλάττων
520 2233 576 2299 καὶ
593 2232 721 2319 ῥήματα
738 2235 793 2301 καὶ
809 2233 960 2319 σχήματα
976 2235 1096 2320 μιμού-

141 2355 241 2415 μενος
250 2329 355 2413 (πάνυ
365 2325 429 2414 γάρ
441 2326 531 2414 παρά
543 2339 654 2419 τοῦτο,
662 2328 723 2416 οὐχ
732 2328 828 2420 ὁράς;
847 2334 967 2417 γέγονε
979 2333 1019 2402 τά
1030 2341 1095 2401 τῶν

138 2425 320 2515 Ἐλλήνων,
341 2435 372 2496 εί
382 2430 474 2497 τουτὶ
489 2427 526 2496 τό
537 2432 641 2516 ῥῆμα,
664 2427 747 2497 άλλά
760 2429 803 2516 μή
817 2433 911 2499 τουτὶ
921 2436 1095 2518 διελέχθην

80 2525 216 2612 εὸδέγω,
228 2524 250 2614 ή
262 2529 355 2610 δευρὶ
365 2525 428 2612 τήν
436 2542 539 2613 χεῖρα,
548 2525 632 2595 ἀλλά
643 2526 687 2614 μή
697 2531 789 2611 δευρὶ
801 2528 1020 2618 παρήνεγκα),
1029 2527 1093 2597 ἀλλ’

140 2621 187 2692 έτί
199 2623 392 2693 αὐτῶντῶν
403 2630 510 2710 ἔργων
521 2621 565 2693 άν
582 2626 714 2694 ἐσκόπει
730 2635 821 2705 τίνας
844 2625 929 2712 εἶχεν
941 2627 1096 2715 ἀφορμάς

139 2720 161 2807 ἡ
179 2722 274 2800 πόλις
290 2725 346 2790 καὶ
363 2730 456 2801 τίνας
473 2724 646 2809 δυνάμεις,
659 2721 708 2791 ὅτ’
723 2731 769 2803 είς
778 2723 818 2792 τά
831 2725 994 2813 πράγματ’
1008 2727 1097 2816 εἰσή-

141 2847 200 2905 ειν,
214 2823 370 2900 καὶτίνας
381 2822 571 2907 συνήγαγον
583 2821 669 2912 αὐτῇ
680 2822 761 2910 μετά
772 2821 866 2891 ταῦτ’
877 2825 1011 2904 ἐπιστὰς
1022 2826 1095 2912 ἐγώ,

139 2922 193 2989 καὶ
214 2929 283 2998 πως
305 2919 369 3005 εἶχε
390 2918 430 2988 τά
451 2929 519 2989 των
540 2926 709 2990 ἐναντίων.
743 2919 799 2990 εἶτ’
814 2929 843 2990 εί
862 2925 922 3007 μὲν
942 2925 1097 3003 ἐλάττους

139 3025 275 3105 ἐποίησα
286 3018 344 3098 τάς
356 3020 528 3107 δυνάμεις,
541 3019 615 3107 παρ’
629 3023 701 3109 ἐμοὶ
711 3018 857 3108 τάδίκημ’
872 3017 915 3089 άν
926 3025 1097 3093 ἐδείκνυεν

138 3113 218 3203 όν,ε
204 3119 401 3208 είδεπολλῷ
413 3126 558 3206 μείζους,
580 3118 644 3191 οόκ
662 3117 705 3188 άν
723 3119 951 3208 ἐσυκοφάντει.
985 3123 1097 3210 ἐπειδή

139 3217 225 3287 δὲ
186 3239 229 3285 συ
244 3245 345 3287 τουτο
363 3224 550 3305 πέφευγας,
573 3220 638 3307 ἐγω
656 3222 800 3327 ποιήσω·
833 3223 889 3288 καὶ
904 3237 1058 3293 σκοπειτε
1069 3229 1099 3294 εί

138 3322 271 3396 δικαίως
282 3319 487 3410 χρήσομαι
454 3345 501 3386 τω
487 3321 614 3410 λόγῳ.
765 3389 768 3394 .

75 3424 128 3482 234
219 3416 378 3502 Δόναμιν
388 3418 451 3504 μὲν
463 3424 579 3488 τοίνυν
589 3415 707 3524 εἶχεν
687 3447 708 3508 η
722 3420 818 3501 πόλις
829 3419 909 3501 τούς
920 3391 1096 3510 νησιωτας,
