2340 3894
139 208 203 273 νο
287 175 309 194 “
339 212 436 268 xv111.
473 207 895 269 ΔΗΜοΣοειιουε

136 366 251 455 ἡμῶν,
272 365 356 438 άλλά
373 370 431 436 καῖ
446 367 583 434 πάντων
598 373 667 432 τῶν
677 365 790 435 ἄλλων
797 364 966 453 Ἑλλήνων
977 373 1094 454 μείζων

137 469 265 552 έγονε,
272 472 307 534 τί
312 493 373 553 χρη
384 480 506 533 ποιεῖν
497 462 631 549 ωσπερ
641 490 687 530 αν
696 473 730 533 εἰ
736 489 785 542 τις
794 465 990 584 ναύκληρον
1000 467 1087 533 πάντ
1085 462 1142 531 '293

138 568 192 633 ἐπὶ
209 574 354 653 σωτηρία
357 563 569 684 πράξμντα,
581 563 637 628 καὶ
655 570 736 627 πᾶσι
752 563 1048 631 κατασκευάσαντα
1058 562 1095 631 τό

138 661 288 730 πλοῖον
261 688 316 747 αφ
343 688 392 729 ων
402 659 617 746 υπελαμβανε
628 659 913 745 σωθησεσθαι,
881 687 951 729 ειτα
960 688 1096 747 χειμωνι

140 760 351 846 χρησάμενον
370 762 426 827 καὶ
442 759 664 848 πονησάντων
680 757 773 846 αύτῷ
786 767 856 826 τόν
863 757 1032 863 σκευῶνῆ
1042 762 1096 827 καὶ

138 861 386 943 συντριβεντων
396 855 498 939 ολως,
519 883 578 943 της
587 864 749 941 ναυαγιας
760 866 902 947 αἰτιωτο
934 857 1008 927 ἀλλ’
1023 853 1095 925 οὔτ’

140 951 376 1041 ἐκυβέρνων
340 980 401 1038 την
412 980 500 1020 ναυν
506 1003 516 1037 ,
529 955 668 1040 φησειεν
678 982 737 1041 αν,
760 955 871 1042 ὥσπερ
888 955 966 1024 οὐδ’
979 960 1095 1042 έστρα-

139 1055 264 1139 τήγουν
274 1051 398 1136 έγώ,’
362 1052 440 1120 ούτε
451 1078 509 1138 της
518 1053 619 1138 τύχης
629 1052 744 1138 κύριος
753 1046 807 1140 ἦν,
818 1053 893 1122 ἀλλ’
906 1057 1017 1142 ἐκείνη
1029 1063 1094 1124 τοῖν

80 1169 130 1225 195
139 1151 284 1240 πάντων.
307 1149 381 1220 ἀλλ’
392 1155 498 1220 έκεῖνο
510 1158 642 1236 λογίζου
652 1150 738 1219 καὶ
717 1159 837 1237 ορα,ε
846 1177 927 1238 μετα
915 1151 1094 1240 Θηβαίων

137 1249 217 1335 ἡμῖν
239 1248 492 1337 ἀγωνιζομένοις
513 1249 619 1328 οὕτως
639 1254 773 1335 εἵμαρτο
795 1256 931 1336 πρᾶξαι,
960 1259 996 1318 τί
1013 1259 1094 1337 χρῆν

138 1353 348 1434 προσδοκᾶν,
362 1355 392 1417 εἰ
401 1349 483 1434 μηδὲ
495 1349 634 1426 τούτους
646 1354 784 1433 ἔσχομεν
793 1350 999 1436 συμμάχους,
1010 1349 1093 1419 ἀλλά

139 1454 292 1534 Φιλίππω
321 1449 543 1531 προσέθεντο,
576 1443 661 1532 ὑπὲρ
689 1438 733 1514 ού
752 1443 821 1514 τότ’
843 1450 969 1527 ἐκεῖνος
990 1449 1094 1528 πάσας

137 1543 248 1632 ἀφῆκε
259 1546 389 1632 φωνάς;
410 1548 466 1613 καὶ
476 1551 507 1613 ελ
516 1551 583 1613 νύν
592 1551 695 1629 τριῶν
705 1542 839 1632 ἡμερῶν
850 1543 916 1614 άπὸ
926 1545 1093 1632 wicum-

138 1652 199 1728 κῆς
215 1640 297 1712 ὁδὸν
314 1653 372 1730 τῆς
388 1643 493 1731 μάχης
509 1646 689 1730 γενομένης
705 1651 862 1723 τοσοῦτος
872 1650 1032 1726 κίνδυνος
1041 1649 1092 1714 καὶ

139 1744 245 1828 φόβος
259 1747 411 1829 περιέστη
428 1742 490 1828 τὴν
508 1743 622 1828 πόλιν,
645 1749 680 1811 τί
692 1737 752 1827 άν,
774 1751 888 1832 εἶπον
908 1753 967 1830 τῆς
988 1745 1093 1830 χώρας

137 1839 238 1906 ταύτό
256 1849 355 1907 τούτο
373 1843 483 1917 πάθος
504 1844 644 1927 συνέβη,
666 1845 892 1926 προσδοκῆσαι
913 1849 1017 1929 χρῆνς
1039 1837 1092 1926 ἆρ’

112 1935 231 2002 ὀἶσθ’
253 1936 305 2003 ὅτι
326 1946 393 2004 νύν
413 1938 474 2022 μὲν
496 1946 629 2022 στῆναι,
650 1948 846 2024 συνελθεῖν,
874 1939 1091 2026 άναπνεύσαι,

138 2031 244 2099 πολλοὶ
262 2039 320 2117 μία
337 2031 443 2119 ἡμέρα
454 2036 508 2100 καὶ
520 2036 582 2101 δύο
594 2037 649 2102 καὶ
660 2050 746 2119 τρεῖς
755 2041 877 2105 ἔδοσαν
888 2046 959 2106 τῶν
970 2046 1017 2119 εἰς
1026 2062 1093 2109 σω*

136 2139 254 2216 τηρίαν
265 2138 306 2218 τῇ
317 2133 421 2218 πόλει,
433 2133 507 2200 τότε
518 2131 611 2218 θ’-,
623 2131 685 2202 ούκ
697 2134 792 2214 άξιον
802 2141 918 2221 εἰπεῖν,
930 2135 953 2203 ά
964 2163 1003 2222 γε
1013 2138 1093 2225 μηδὲ

113 2236 117 2259 ²
137 2243 256 2312 πεῖραν
266 2234 368 2297 ἔδωκε
378 2239 474 2298 θεῶν
488 2232 579 2309 τινός
596 2231 711 2321 εύνοίηι
728 2236 782 2302 καὶ
798 2243 846 2323 τῷ
864 2241 1092 2321 προβαλέσθαι

28 2383 32 2389 .
135 2326 198 2413 τὴν
208 2326 308 2396 πόλιν
317 2329 443 2415 ταύτην
454 2328 516 2415 τὴν
527 2339 730 2418 συμμαχίαν,
743 2359 783 2417 ης
795 2333 839 2399 σύ
848 2351 1054 2420 κατηγορεῖς.

42 2442 128 2502 196
215 2426 305 2495 Ἐστι
323 2427 359 2495 δέ
376 2431 471 2496 ταυτὶ
489 2431 596 2497 πάντα
608 2456 680 2517 μοι,
702 2456 742 2497 τα
730 2429 876 2513 πολλοὶ,
900 2455 986 2515 προς
996 2458 1091 2519 υμας,

108 2517 165 2592 ό
187 2524 307 2612 άνθρες
327 2529 493 2613 δικασταὶ,
516 2527 670 2606 καὶτοὺς
692 2529 946 2614 περιεστηκότας
968 2537 1092 2611 ἔξωθεν

136 2627 193 2690 καὶ
211 2623 459 2709 ἀκροωμένους,
483 2628 552 2695 ἐπεὶ
567 2626 651 2710 πρός
666 2653 704 2712 γε
720 2634 840 2695 τοῦτον
850 2625 912 2694 τόν
923 2631 1092 2696 κατάπτυ·

136 2738 218 2785 στου
234 2721 360 2806 βραχύς
376 2726 431 2790 καὶ
449 2723 559 2810 σαφης
575 2727 702 2810 ἐξήρκει
717 2725 824 2809 λόγος
856 2730 959 2812 εἰμὲν
975 2731 1040 2813 γάρ
1051 2720 1092 2813 ἦν

136 2817 402 2902 σοὶπρόθηλατα
390 2820 590 2907 μέλλοντα,
609 2829 764 2910 Αἰσχίνη,
787 2851 879 2913 μονω
890 2852 961 2893 των
972 2827 1092 2910 αλλων,

40 2991 41 2994 ¹
135 2913 175 2980 ὅτ
180 2912 395 2999 ’ἐβουλεύεθ’
408 2915 536 3004 ηπολις
547 2923 621 3003 περὶ
632 2946 777 3006 τουτων,
797 2921 855 2990 τότ
859 2920 955 2991 ’ἔδει
973 2925 1093 3010 προλέ-

135 3035 223 3096 γειν
246 3020 277 3082 εἰ
285 3013 372 3082 θε
332 3043 376 3102 μη
388 3018 628 3105 προηθεις,της
636 3044 739 3104 αυτης
749 3018 885 3103 αγνοίας
896 3017 1092 3098 υπευθυνος

135 3108 167 3178 εἰ
135 3111 379 3199 ετολςάλλοις,
403 3115 487 3182 ὥστε
503 3144 535 3184 τι
530 3123 675 3201 μαλλον
684 3119 767 3202 έμου
778 3115 821 3183 σύ
832 3124 937 3184 ταῦτα
948 3118 1141 3203 κατηγο-θλ

76 3223 126 3278 197
134 3224 201 3293 ρεϊς
218 3204 240 3295 ἢ
257 3208 321 3293 έγά
339 3219 418 3289 σούς
438 3213 675 3299 τοσοῦτονγάρ
687 3211 908 3300 άμείνωνέγώ
920 3223 985 3282 σού
995 3222 1092 3284 πολί-

133 3332 191 3390 της
200 3310 323 3392 γέγονα
341 3313 386 3387 εές
402 3307 487 3376 αύτά
499 3309 601 3378 ταῦθ’
615 3309 731 3396 άλέγω
749 3313 818 3399 (καὶ
829 3311 924 3380 ούπω
936 3318 1092 3398 περὶτῶν

133 3402 245 3471 ἄλλων
262 3409 483 3492 διαλέγομαι),
505 3407 586 3476 ὅσον
603 3408 667 3495 ἐγω
684 3408 746 3495 μὲν
762 3415 870 3478 ἔδωκα
886 3412 1091 3496 ἐμαυτὸνείς
