2340 3894
147 190 213 257 ⁸80
305 216 308 221 ·
363 186 888 289 xlxfflmozolmom

148 350 241 441 αύτῷ
257 347 300 419 τά
310 357 502 435 ῦετταλῦν,
522 350 580 418 καὶ
590 354 728 435 Φεραῖοι
743 355 879 431 πρῶτον
894 345 938 416 οῦ
958 365 1106 434 συνηκον

148 450 319 535 λούθουν,
341 451 542 535 ἐκρατοῦντο
560 446 597 515 δὲ
608 453 750 534 Θηβαῖοι
765 449 821 515 καὶ
839 444 948 533 μάχην
962 445 1104 534 ἥττηντο

147 551 205 617 καλ
226 549 388 634 τρόπαιον
408 545 467 614 ἀπ’
489 542 601 613 αύτῦν
614 545 780 632 εἱστήκει,
802 541 867 612 οῦκ
889 549 998 613 ἔνεστι
1019 567 1106 630 παρ-

148 655 281 732 ελθεῖν,
304 651 335 713 ελ
348 641 537 733 βοηθήσεθ’
549 640 660 728 ὑμεῖς,
681 639 770 726 οῦῦ’,
793 637 838 708 ἀν
849 643 1012 728 ἐπιχειρῇ,
1033 646 1107 727 χαί-
1161 636 1163 641 ’

148 768 237 829 ρειν,
260 748 291 812 ελ
304 742 349 829 μή
365 769 414 821 τις
430 744 525 828 τέχνη
543 739 812 826 προσγενήσεται.
846 747 918 818 πῦς
937 732 1005 807 σύν
1024 739 1105 826 μήτε

147 842 323 928 ψεύσωμαι
343 848 512 928 φανερῦς,
541 836 618 926 μήτ’
643 842 810 923 ἐπιορκεῖν
831 837 931 917 δόξας
951 834 1060 906 πάνθ’
1083 834 1105 905 ἀ

148 940 314 1027 βούλομαι
333 940 580 1025 όιαπράξωμαις
601 945 686 1016 ποίςς
708 935 831 1020 οὕτως,
853 931 898 1003 ἀν
915 933 1105 1022 Ἀθηναίων

146 1037 241 1116 τινάς
267 1037 357 1123 εῦρω
384 1039 462 1115 τοῦς
479 1034 679 1123 Ἀθηναίους
706 1033 989 1122 ἐξαπατήσοντας·
1023 1023 1107 1102 ταύ-

85 1159 206 1222 smne
230 1133 295 1221 γάρ
323 1133 434 1205 ούκέτ’
461 1132 527 1220 ἐγώ
547 1142 606 1220 τῆς
627 1133 786 1220 αἰσχύνης
806 1138 1017 1219 κληρονομεῖ.
1051 1133 1106 1200 ἐν·

146 1241 272 1301 τιῦθεν
287 1237 322 1301 οἱ
336 1235 398 1320 μὲν
413 1231 495 1320 παρ’
508 1237 644 1301 ’ἐκείνου
660 1234 812 1318 πρέσβεις
826 1228 1018 1318 προύλεγον
1027 1227 1106 1316 ύμῖν

147 1327 202 1399 ότι
211 1327 626 1417 Φωκέαςούπροσόέχεται
636 1337 800 1407 Φίλιππος
809 1328 1023 1415 συμμάχους,
1045 1320 1106 1395 ού-

147 1452 201 1498 τοι
212 1427 246 1498 δ’
258 1431 469 1516 ἐκδεχόμενοι
478 1427 608 1497 τοιαῦτ’
620 1428 867 1515 ἐδημηγόρουν,
888 1423 935 1505 ἀς
951 1433 1107 1513 φανεραῖς

147 1529 210 1613 μὲν
228 1526 302 1613 οὐχὶ
317 1536 426 1607 κωλεός
442 1533 507 1613 ἔχει
520 1535 568 1614 τῷ
584 1535 737 1614 Φιλίππῳ
759 1527 1009 1612 προσδέξασθαι
1028 1523 1107 1603 τοῦς

149 1629 286 1704 Φωκέας
302 1627 497 1713 συμμάχους
514 1624 569 1694 ῦιά
587 1625 665 1706 τούς
683 1630 851 1712 Θηβαίους
867 1620 1014 1701 καὶτοὺς
1024 1629 1106 1690 Θετ-

146 1721 285 1807 ταλούς’,
308 1719 352 1791 ἀν
369 1724 405 1792 ῦέ
415 1726 551 1810 γένηται
563 1731 632 1792 τῶν
640 1722 846 1810 πραγμάτων
855 1719 973 1805 κύριος
983 1722 1106 1806 καὶτῆς

146 1820 281 1908 εἰρήνης
290 1820 388 1909 τύχη,
402 1820 486 1905 ἅπερ
498 1817 542 1889 ἀν
553 1824 743 1890 συνθέσθαι
753 1830 820 1889 νῦν
829 1817 1032 1907 ἀξιώσαιμεν
1044 1815 1105 1886 αύ-

83 1945 138 2000 322
145 1919 224 2002 τόν,
233 1926 338 1986 ταῦτα
350 1918 479 2006 ποιήσει
486 1920 570 1988 τότε.
602 1919 665 2005 την
674 1920 736 2006 μὲν
746 1929 863 1987 τοίνυν
875 1917 1014 2005 εἰρήνην
1023 1915 1105 1987 ταύ-

144 2041 216 2093 ταις
226 2030 296 2093 ταῖς
307 2019 415 2084 ἐλπίσι
423 2021 479 2085 καὶ
489 2030 559 2095 ταῖς
569 2018 755 2102 ἐπαγωγαῖς
766 2015 905 2103 εὕροντο
916 2015 999 2103 παρ’
1010 2013 1105 2102 ύμοῖν

145 2112 230 2181 α”νευ
239 2116 402 2181 Φωκέων·
423 2115 486 2201 την
501 2114 538 2182 δὲ
554 2115 719 2203 βοήθειαν
733 2120 800 2184 ἔδει
817 2123 970 2186 κωλῦσαι
986 2115 1049 2202 την
1061 2118 1105 2191 εἰς

143 2209 205 2293 τάς
213 2210 345 2300 Πύλας,
356 2211 465 2300 ἐφ’ἢν
473 2219 510 2283 αἱ
516 2216 724 2303 πεντήκοντα
734 2214 879 2302 τριήρεις
888 2213 983 2301 ὅμως
993 2213 1105 2299 ἐφόρ-

145 2335 251 2398 χιονν,
273 2308 331 2396 ἵν’,
359 2315 390 2378 εέ
408 2312 584 2398 πορεύοιτο
607 2319 786 2397 Φίλιππος,
814 2309 980 2381 κωλύοιθ’
1003 2307 1103 2398 ὑμεῖς.

82 2417 218 2490 made
233 2402 474 2496 ούνςτίςτέχυη
489 2410 593 2479 πόλιν
606 2404 653 2478 αὖ
672 2409 846 2496 γενήσεται
867 2411 945 2496 περὶ
963 2408 1104 2494 ταύτηςς

145 2504 226 2585 τούς
240 2505 383 2593 χρόνους
399 2505 497 2595 ύμῦν
513 2507 700 2595 ἀφελέσθαι
714 2512 771 2577 καὶ
780 2511 954 2597 ἐπιστῆσαι
963 2505 1007 2576 τά
1016 2506 1104 2594 πρύ-

144 2629 254 2690 γματα
264 2603 451 2691 ἀγαγόντας
461 2604 560 2692 ἄφνω
565 2655 576 2691 ,
596 2610 652 2675 ἵνα
661 2604 739 2693 μηδ’
751 2602 796 2675 ἀν
805 2606 981 2694 βούλησθε
999 2605 1104 2690 δύνη-
1159 2608 1162 2614 '

145 2711 210 2770 σθε
221 2703 375 2782 ἐξελθεῖν.
399 2702 528 2772 ούκοῦν
539 2702 633 2773 τοῦθ’
646 2697 740 2772 οῦτοι
750 2705 951 2789 πράττοντες
961 2705 1153 2789 φαίνων-445

142 2825 208 2885 ται,
220 2799 285 2885 ἐγά
295 2800 340 2887 θ’,
356 2799 468 2886 ὥσπερ
480 2801 640 2890 ἀκηκόατ’
652 2802 719 2890 ἤδη
730 2801 898 2886 πολλάκις,
910 2800 988 2886 ούχλ
1000 2805 1103 2886 δυνη-

143 2902 217 2978 θεὶς
227 2907 470 2986 προαπελθεῖν,
481 2900 566 2969 ἀλλά
576 2904 632 2968 καὶ
642 2901 898 2987 μισθωσόμενος
908 2908 1031 2967 πλοῖον
1044 2924 1103 2966 κα-

78 3000 351 3076 ενκτακωλυθελς
372 3001 561 3068 ἐκπλεῦσαι
591 2997 678 3068 ἀλλά
698 3001 755 3069 καὶ
774 3007 949 3067 πιστεῦσαι
966 2999 1104 3076 Φωκέας

134 3097 378 3186 -ἐῦειΦιλῖππρι
388 3098 444 3165 καὶ
454 3097 591 3178 ἐνόντας
602 3101 775 3183 ἐνδοῦναι,
792 3101 848 3166 ἵνα
859 3099 974 3184 μηθεὶς
984 3097 1104 3183 χρόνος

143 3195 317 3281 ἐγγένηται
327 3208 396 3274 τοῖς
411 3194 581 3282 πράγμασι
591 3195 671 3283 μηδ’
682 3199 835 3265 ἐναντίον
844 3200 929 3283 ἔλθη
947 3196 1103 3282 ψήφισμα

142 3291 220 3377 παρ’
233 3291 329 3379 ύμῦν
339 3294 451 3380 μηῦέν.
473 3293 601 3363 ούκοῦν
613 3293 658 3373 ἀς
668 3296 729 3382 μὲν
741 3298 775 3363 ολ
783 3300 911 3371 Φωκεῖς
922 3292 1105 3381 σωθήσον-

141 3414 213 3476 ται,
235 3391 328 3480 παρά
345 3399 413 3460 τόν
423 3391 610 3480 Ἀθηναίων
618 3398 793 3504 πρέσβεων
802 3388 1102 3480 ἀπαγγελθήσεται,
