2340 3894
231 216 360 280 ΠΕΡΙ
380 216 491 277 ΤΩΝ
510 216 850 281 ΣΤΜΜΟΡΙΩΝ.
958 216 1020 284 ῙθῙ

16 395 53 450 3³
147 384 194 447 El
207 383 324 473 τοίνυν
339 402 389 457 τις
404 385 507 445 οῖεται
518 380 684 464 Θηβαίους
700 384 836 447 ἔσεσθαι
846 379 916 466 μετ’
935 384 1021 450 ἐκεί-

61 503 144 564 νου,
156 475 297 563 ἕστιμέν
307 473 447 562 χαλεπὰς
459 470 542 564 πρὸς
554 471 640 560 ὑμᾶς
650 471 668 541 ὁ
680 477 895 561 περὶ-τούτοιν
905 479 1020 562 λόγος·

62 575 118 644 διά
132 573 199 663 μάρ
214 574 252 643 τὸ
270 587 378 661 μισεῖν
395 572 518 652 αὐτοὺς
529 571 604 640 οὐδ’
619 569 664 641 ἀν
673 572 797 662 ἀληθὲς
807 574 907 646 οὐδὲν
917 575 1021 664 ῆδέυς

62 672 199 761 ἀγαθὸν
217 675 293 758 περὶ
308 671 422 741 αὐτῶν
439 671 632 741 ἀκούσαιτε·
656 671 698 740 οά
709 670 776 760 μὴν
787 672 870 743 ἀλλὰ
881 676 1021 756 δεῖτοάς

60 777 136 859 περὶ
154 772 360 859 πραγμάτων
369 772 524 859 μεγάλων
535 781 743 852 σκοποῦντας
752 776 880 860 μηδένα
890 779 1020 862 συμφέ

61 898 164 957 ροντα
185 871 344 956 λογισμὸν
366 878 563 953 παραλιπεῖν
585 867 639 938 διὰ
661 876 823 958 μηδεμίαν
840 871 1018 960 πρόφασιν.

61 969 125 1058 gy&
145 977 262 1039 τοίνυν
278 968 369 1056 οἶμαι
379 976 541 1061 τοσοῦτον
552 967 685 1054 ἀπέχειν
697 977 863 1058 Θηβαίους
875 978 936 1040 τοῦ
945 969 1017 1058 μετ’

20 1074 193 1155 Μέκείνου
211 1066 284 1153 ποτ’
304 1065 348 1135 ἀν
364 1072 477 1136 ἐλθεῖν
494 1070 546 1136 ἐπὶ
564 1068 642 1146 τούς
654 1068 814 1156 Ἓλληνας
835 1071 919 1140 ῶστε
935 1076 1019 1140 πολ-

61 1177 132 1239 λῶν
143 1163 187 1235 ἀν
197 1167 384 1255 χρημάτων,
396 1172 426 1234 εί
435 1171 540 1252 ἔχοιεν
551 1170 680 1254 δοῦναι,
693 1176 854 1253 πρίασθαι
861 1173 1019 1255 γενέσθαι

61 1263 127 1336 τιν’
146 1263 260 1344 αὐτοῖς
277 1263 395 1351 καιρόν
412 1263 455 1331 δι’
476 1257 520 1332 οὗ
532 1263 594 1342 τὰς
611 1273 773 1351 προτέρας
795 1264 1019 1338 ἀναλύσονται

61 1362 146 1449 πρὸς
156 1361 401 1449 τοδςἝλληνας
412 1360 580 1449 ἁμαρτίας.
610 1369 640 1431 εί
652 1360 684 1430 δ’
696 1363 760 1450 ἀρα
773 1365 964 1434 παντάπασί
971 1392 1019 1446 τις

60 1462 171 1543 οὕτως
182 1472 283 1532 οίεται
302 1463 404 1549 φύσει
424 1467 595 1549 δυστυχεῖς
606 1469 772 1549 Θηβαίους
789 1461 889 1548 εἶναι,
912 1465 1019 1533 ἐκεῖνό

59 1588 97 1648 με
109 1562 286 1648 δήπουθεν
296 1559 439 1640 ἅπαντες
456 1564 650 1646 ἐπίστασθε,
663 1560 725 1630 ·ὅτι
737 1567 893 1648 Θηβαίων
910 1559 1020 1631 τάκεί-

60 1684 124 1729 νου
134 1660 359 1746 φρονούντων
370 1657 500 1746 ἀνάνκῆ
511 1658 590 1738 τούς
600 1660 730 1728 τούτων
740 1658 883 1746 ἐχθροὺς
894 1659 934 1728 τά
950 1668 1020 1728 τῶν

56 1754 225 1846 Ἑλλήνων
235 1771 384 1844 φρονεῖν.
903 1838 911 1855 .
963 1841 965 1845 ¹

25 1871 53 1925 35
128 1855 304 1942 ’Ἡγοῦμαι
312 1864 429 1925 τοίνυν
437 1855 501 1942 έμῶ
510 1859 636 1944 ταύτην
644 1854 705 1945 τὴν
714 1857 807 1938 τάξιν
815 1867 877 1925 τοῦ
887 1863 1019 1927 δικαίου
1027 1869 1082 1925 188

62 1959 114 2028 καί
126 1957 206 2037 τοὺς
215 1955 281 2042 μετ’
296 1955 398 2044 αὐτῆς
410 1955 508 2036 ὄντας
519 1965 687 2046 κρείττους
697 1965 766 2026 τῶν
776 1962 952 2042 προδοτῶν
962 1959 1018 2026 καί

63 2064 124 2125 τοῦ
135 2056 311 2144 βαρβάρου
322 2061 458 2125 ἔσεσθαι
469 2054 552 2141 πρὸς
568 2056 723 2135 ἅπαντας.
757 2053 837 2125 ὥστ’
857 2054 935 2125 οὔτε
953 2082 1018 2142 φο-

62 2161 200 2243 βεῖσθαί
212 2181 296 2241 φημι
312 2159 382 2223 δεῖν
400 2158 484 2239 πέρα
501 2163 563 2222 τοῦ
578 2161 713 2241 μετρίου
730 2153 810 2222 οὔθ’
824 2152 1017 2241 ὑπαχθῆναι

63 2257 244 2341 προτέρους
265 2256 417 2339 ἐκφέρειν
437 2254 497 2321 τὸν
514 2257 668 2340 πόλεμον.
699 2255 755 2322 καί
772 2251 839 2340 μὴν
853 2251 931 2320 οὐδὲ
947 2248 1016 2319 τῶν

63 2351 174 2422 ἀλλων
195 2351 308 2421 οὐδέν’
330 2348 375 2421 ἀν
396 2352 531 2430 είκότιις
546 2350 713 2439 Ἑλλήνων
735 2355 929 2437 φοβηθέντα
956 2347 1015 2417 τὸν

31 2453 209 2539 δδπδλεμον
218 2460 340 2521 τοῦτον
350 2451 436 2537 ὁρῶ·
460 2457 508 2529 τίς
518 2449 582 2536 γάρ
593 2449 656 2518 οὐκ
668 2448 757 2518 οἶδεν
768 2445 882 2515 αὐτῶν
892 2445 945 2514 δτι
956 2448 1018 2526 ἕως

63 2553 124 2636 μὲν
132 2549 252 2621 κοινὸν
262 2549 387 2638 έχθρὸν
396 2555 525 2620 ἐκεῖνον
536 2547 756 2636 ἀπειληφότες
769 2546 946 2635 ὡμονόουν
957 2544 1017 2613 ἀλ·
1141 2551 1149 2563 ”

62 2648 190 2735 λῆλσις,
208 2658 342 2718 πολλῶν
354 2647 493 2736 ἀμαθῶν
503 2642 590 2736 ἦσαν
600 2650 727 2738 κύριοι,
747 2642 858 2732 ἐπειδὴ
871 2646 907 2714 δὲ
918 2651 1016 2732 φίλον

63 2747 166 2817 αάτόν
175 2756 370 2835 νομίσαντες
381 2746 494 2828 αὐτοῖς
504 2746 664 2834 ὑπάρχειν
688 2746 840 2832 περὶτῶν
848 2745 931 2831 πρὸς
939 2745 1020 2813 ἑαυ-

61 2845 139 2928 τούς
150 2836 374 2933 διηνέχθησαν
385 2847 572 2932 διαφόρων,
596 2845 650 2914 ὅσ’
664 2843 709 2914 ἀν
726 2844 806 2914 οὐδὲ
822 2843 1016 2930 καταρῶμε-

62 2971 118 3025 νος
128 2937 214 3030 εὗρέ
218 2969 267 3024 τις
279 2943 406 3031 αὐτοῖς,
418 2954 563 3013 τοσαῦτα
574 2945 766 3013 πεπόνθασι
778 2943 882 3025 κακάς
897 2942 962 3011 εἷθ’
976 2940 1018 3011 ὃν

61 3041 176 3130 ῆτύχη
189 3043 245 3110 καί
254 3038 292 3109 ιδ
306 3042 481 3128 δαιμόνιον
492 3052 590 3127 φίλον
600 3044 663 3129 μὲν
674 3044 867 3129 ἀλυσιτελῆ,
886 3042 1016 3128 συμφέ-

63 3167 164 3226 ροντα
175 3138 207 3208 δ’
228 3141 351 3227 ἐχθρὸν
369 3143 553 3228 ἐμφανίζει,
577 3151 697 3209 τοῦτον
713 3138 804 3226 ἡμεῖς
815 3140 1016 3227 φοβῶμεθα;

63 3244 234 3326 μηδαμῶς·
259 3236 343 3307 ἀλλά
366 3238 444 3326 μηδ’
464 3237 649 3326 ἀδικῶμεν,
672 3237 785 3321 αὐτῶν
800 3236 897 3326 ἡμῶν
918 3239 1016 3303 ἕνεκα
1118 3281 1120 3284 -

63 3341 113 3408 καὶ
134 3347 194 3426 τῆς
213 3345 282 3405 τῶν
302 3338 415 3406 ἀλλων
429 3336 598 3425 Ἑλλήνων
618 3346 760 3425 ταραχῆς
779 3339 834 3405 καί
856 3335 1016 3420 ἀπιστίας,
1032 3408 1035 3413 ,

22 3443 56 3504 37
64 3439 130 3584 ml}
141 3444 174 3505 εί
178 3433 209 3522 μ’
215 3430 488 3585 ἑμονθιιιμῐαδδνῆν
497 3437 578 3524 μετὰ
585 3438 719 3506 πάντων
728 3438 906 3584 ἐπιθέσλΙιΙαι
912 3430 1019 3522 μόνφ,

133 3541 220 3586 omont
239 3570 246 3583 .
294 3549 330 3586 ο.
357 3569 364 3584 .
1148 3544 1150 3551 ’
