<?xml version="1.0" encoding="UTF-8"?>
<!DOCTYPE html PUBLIC "-//W3C//DTD XHTML 1.0 Transitional//EN"
    "http://www.w3.org/TR/xhtml1/DTD/xhtml1-transitional.dtd">
<html xmlns="http://www.w3.org/1999/xhtml" xml:lang="en" lang="en">
 <head>
  <title>
</title>
<meta http-equiv="Content-Type" content="text/html;charset=utf-8" />
  <meta name='ocr-system' content='tesseract 3.04.00' />
  <meta name='ocr-capabilities' content='ocr_page ocr_carea ocr_par ocr_line ocrx_word'/>
</head>
<body>
  <div class='ocr_page' id='page_1' title='image "./orationesexrece03demogoog_0495.png"; bbox 0 0 2340 3894; ppageno 0'>
   <div class='ocr_carea' id='block_1_1' title="bbox 158 210 900 276">
    <p class='ocr_par' dir='ltr' id='par_1_1' title="bbox 158 210 900 276">
     <span class='ocr_line' id='line_1_1' title="bbox 158 210 900 276; baseline -0.004 0"><span class='ocrx_word' id='word_1_1' title='bbox 158 211 224 276; x_wconf 63' lang='lat' dir='ltr'>M</span> <span class='ocrx_word' id='word_1_2' title='bbox 375 216 448 273; x_wconf 77' lang='lat' dir='ltr'><strong>m</strong></span> <span class='ocrx_word' id='word_1_3' title='bbox 475 210 900 275; x_wconf 71' lang='grc' dir='ltr'><em>ΑΗΜΟΣΘΕΝΟΤΣ</em></span> 
     </span>
    </p>
   </div>
   <div class='ocr_carea' id='block_1_2' title="bbox 27 371 1160 3522">
    <p class='ocr_par' dir='ltr' id='par_1_2' title="bbox 27 371 1118 756">
     <span class='ocr_line' id='line_1_2' title="bbox 27 371 1116 460; baseline -0.002 -16"><span class='ocrx_word' id='word_1_4' title='bbox 27 442 31 449; x_wconf 90' lang='grc'><strong><em>,</em></strong></span> <span class='ocrx_word' id='word_1_5' title='bbox 158 385 330 460; x_wconf 78' lang='grc' dir='ltr'><strong><em>λευτατον,</em></strong></span> <span class='ocrx_word' id='word_1_6' title='bbox 351 373 443 453; x_wconf 82' lang='grc' dir='ltr'><strong><em>ὅπως</em></strong></span> <span class='ocrx_word' id='word_1_7' title='bbox 457 372 658 460; x_wconf 73' lang='grc' dir='ltr'><strong><em>ἐβούλοντο,</em></strong></span> <span class='ocrx_word' id='word_1_8' title='bbox 682 371 774 441; x_wconf 83' lang='grc' dir='ltr'><strong><em>οῦτω</em></strong></span> <span class='ocrx_word' id='word_1_9' title='bbox 789 372 852 440; x_wconf 79' lang='grc' dir='ltr'><strong><em>τὸν</em></strong></span> <span class='ocrx_word' id='word_1_10' title='bbox 860 373 1011 459; x_wconf 80' lang='grc' dir='ltr'><strong><em>πόλεμον</em></strong></span> <span class='ocrx_word' id='word_1_11' title='bbox 1021 378 1116 442; x_wconf 84' lang='grc' dir='ltr'><strong><em>κατέ-</em></strong></span> 
     </span>
     <span class='ocr_line' id='line_1_3' title="bbox 97 470 1114 558; baseline -0.003 -15"><span class='ocrx_word' id='word_1_12' title='bbox 97 484 270 543; x_wconf 69' lang='grc' dir='ltr'><strong><em>λοθθεντο.</em></strong></span> <span class='ocrx_word' id='word_1_13' title='bbox 302 471 414 558; x_wconf 74' lang='grc' dir='ltr'><strong><em>ἐπειδὴ</em></strong></span> <span class='ocrx_word' id='word_1_14' title='bbox 431 473 468 541; x_wconf 79' lang='grc' dir='ltr'><strong><em>δὲ</em></strong></span> <span class='ocrx_word' id='word_1_15' title='bbox 486 475 690 555; x_wconf 76' lang='grc' dir='ltr'><em>δωροδοκεῖν</em></span> <span class='ocrx_word' id='word_1_16' title='bbox 710 471 855 558; x_wconf 63' lang='grc' dir='ltr'><strong><em>ἤρξαντό</em></strong></span> <span class='ocrx_word' id='word_1_17' title='bbox 875 498 984 558; x_wconf 86' lang='grc' dir='ltr'><strong><em>τινες,</em></strong></span> <span class='ocrx_word' id='word_1_18' title='bbox 1006 477 1063 542; x_wconf 75' lang='grc' dir='ltr'><strong><em>καὶ</em></strong></span> <span class='ocrx_word' id='word_1_19' title='bbox 1078 470 1114 540; x_wconf 92' lang='grc' dir='ltr'><strong><em>δι’</em></strong></span> 
     </span>
     <span class='ocr_line' id='line_1_4' title="bbox 158 568 1118 660; baseline -0.003 -19"><span class='ocrx_word' id='word_1_20' title='bbox 158 571 354 660; x_wconf 74' lang='grc' dir='ltr'><strong><em>ἀβελτερίαν</em></strong></span> <span class='ocrx_word' id='word_1_21' title='bbox 364 575 401 638; x_wconf 83' lang='grc' dir='ltr'><strong><em>οί</em></strong></span> <span class='ocrx_word' id='word_1_22' title='bbox 407 571 544 654; x_wconf 79' lang='grc' dir='ltr'><strong><em>πολλοὶ,</em></strong></span> <span class='ocrx_word' id='word_1_23' title='bbox 564 577 693 655; x_wconf 81' lang='grc' dir='ltr'><strong><em>μᾶλλον</em></strong></span> <span class='ocrx_word' id='word_1_24' title='bbox 703 574 740 636; x_wconf 79' lang='grc' dir='ltr'><strong><em>δὲ</em></strong></span> <span class='ocrx_word' id='word_1_25' title='bbox 750 568 806 638; x_wconf 81' lang='grc' dir='ltr'><strong><em>διὰ</em></strong></span> <span class='ocrx_word' id='word_1_26' title='bbox 817 574 1021 658; x_wconf 75' lang='grc' dir='ltr'><strong><em>δυστυχίαν,</em></strong></span> <span class='ocrx_word' id='word_1_27' title='bbox 1039 571 1118 640; x_wconf 87' lang='grc' dir='ltr'><strong><em>τού-</em></strong></span> 
     </span>
     <span class='ocr_line' id='line_1_5' title="bbox 156 666 1117 756; baseline -0.002 -17"><span class='ocrx_word' id='word_1_28' title='bbox 156 697 236 751; x_wconf 90' lang='grc' dir='ltr'><strong><em>τους</em></strong></span> <span class='ocrx_word' id='word_1_29' title='bbox 246 674 459 753; x_wconf 80' lang='grc' dir='ltr'><strong><em>πιστοτέρους</em></strong></span> <span class='ocrx_word' id='word_1_30' title='bbox 468 668 712 756; x_wconf 82' lang='grc' dir='ltr'><strong><em>ἡγήσαντοτῶν</em></strong></span> <span class='ocrx_word' id='word_1_31' title='bbox 720 666 928 751; x_wconf 77' lang='grc' dir='ltr'><strong><em>ῦπὲραῦτῶν</em></strong></span> <span class='ocrx_word' id='word_1_32' title='bbox 936 668 1117 754; x_wconf 86' lang='grc' dir='ltr'><strong><em>λεγόντων,</em></strong></span> 
     </span>
    </p>

    <p class='ocr_par' dir='ltr' id='par_1_3' title="bbox 28 767 1160 2932">
     <span class='ocr_line' id='line_1_6' title="bbox 157 767 1160 857; baseline -0.003 -19"><span class='ocrx_word' id='word_1_33' title='bbox 157 774 213 839; x_wconf 77' lang='grc' dir='ltr'><strong><em>καὶ</em></strong></span> <span class='ocrx_word' id='word_1_34' title='bbox 222 775 399 857; x_wconf 75' lang='grc' dir='ltr'><strong><em>Λασθένης</em></strong></span> <span class='ocrx_word' id='word_1_35' title='bbox 417 769 480 856; x_wconf 70' lang='grc' dir='ltr'><strong><em>μὲν</em></strong></span> <span class='ocrx_word' id='word_1_36' title='bbox 496 768 601 856; x_wconf 78' lang='grc' dir='ltr'><strong><em>ήρεῦε</em></strong></span> <span class='ocrx_word' id='word_1_37' title='bbox 617 767 680 854; x_wconf 80' lang='grc' dir='ltr'><strong><em>τήν</em></strong></span> <span class='ocrx_word' id='word_1_38' title='bbox 690 773 801 835; x_wconf 85' lang='grc' dir='ltr'><strong><em>οίκίαν</em></strong></span> <span class='ocrx_word' id='word_1_39' title='bbox 815 781 885 846; x_wconf 86' lang='grc' dir='ltr'><strong><em>τοίς</em></strong></span> <span class='ocrx_word' id='word_1_40' title='bbox 900 769 939 836; x_wconf 78' lang='grc' dir='ltr'><strong><em>ἐκ</em></strong></span> <span class='ocrx_word' id='word_1_41' title='bbox 955 773 1160 836; x_wconf 63' lang='lat' dir='ltr'><strong><em>Mando-425</em></strong></span> 
     </span>
     <span class='ocr_line' id='line_1_7' title="bbox 158 864 1117 952; baseline -0.001 -16"><span class='ocrx_word' id='word_1_42' title='bbox 158 875 232 948; x_wconf 88' lang='grc' dir='ltr'><strong><em>νίας</em></strong></span> <span class='ocrx_word' id='word_1_43' title='bbox 242 874 372 937; x_wconf 70' lang='grc' dir='ltr'><strong><em>δοθεῖσι</em></strong></span> <span class='ocrx_word' id='word_1_44' title='bbox 383 869 510 950; x_wconf 77' lang='grc' dir='ltr'><strong><em>ξύλοις,</em></strong></span> <span class='ocrx_word' id='word_1_45' title='bbox 526 864 751 952; x_wconf 72' lang='grc' dir='ltr'><strong><em>Εὐθυκράτης</em></strong></span> <span class='ocrx_word' id='word_1_46' title='bbox 761 867 799 933; x_wconf 74' lang='grc' dir='ltr'><strong><em>δὲ</em></strong></span> <span class='ocrx_word' id='word_1_47' title='bbox 809 872 892 950; x_wconf 80' lang='grc' dir='ltr'><strong><em>βοῦς</em></strong></span> <span class='ocrx_word' id='word_1_48' title='bbox 902 871 1024 952; x_wconf 79' lang='grc' dir='ltr'><strong><em>ἔτρεφε</em></strong></span> <span class='ocrx_word' id='word_1_49' title='bbox 1034 875 1117 935; x_wconf 83' lang='grc' dir='ltr'><strong><em>πολ-</em></strong></span> 
     </span>
     <span class='ocr_line' id='line_1_8' title="bbox 28 957 1115 1054; baseline -0.001 -20"><span class='ocrx_word' id='word_1_50' title='bbox 28 1010 34 1019; x_wconf 92' lang='grc'>-</span> <span class='ocrx_word' id='word_1_51' title='bbox 157 964 218 1046; x_wconf 75' lang='grc' dir='ltr'><strong><em>λῶς</em></strong></span> <span class='ocrx_word' id='word_1_52' title='bbox 224 965 324 1054; x_wconf 85' lang='grc' dir='ltr'><strong><em>τιμήν</em></strong></span> <span class='ocrx_word' id='word_1_53' title='bbox 335 966 447 1035; x_wconf 83' lang='grc' dir='ltr'><strong><em>ούδευλ</em></strong></span> <span class='ocrx_word' id='word_1_54' title='bbox 459 964 555 1050; x_wconf 84' lang='grc' dir='ltr'><strong><em>δούς,</em></strong></span> <span class='ocrx_word' id='word_1_55' title='bbox 567 967 679 1050; x_wconf 82' lang='grc' dir='ltr'><strong><em>ἕτερος</em></strong></span> <span class='ocrx_word' id='word_1_56' title='bbox 689 968 729 1034; x_wconf 74' lang='grc' dir='ltr'><strong><em>δέ</em></strong></span> <span class='ocrx_word' id='word_1_57' title='bbox 735 992 786 1044; x_wconf 90' lang='grc' dir='ltr'><strong><em>τις</em></strong></span> <span class='ocrx_word' id='word_1_58' title='bbox 795 957 878 1052; x_wconf 81' lang='grc' dir='ltr'><strong><em>ἧκεν</em></strong></span> <span class='ocrx_word' id='word_1_59' title='bbox 887 970 976 1050; x_wconf 69' lang='grc' dir='ltr'><strong><em>ἔχων</em></strong></span> <span class='ocrx_word' id='word_1_60' title='bbox 987 967 1115 1050; x_wconf 81' lang='grc' dir='ltr'><strong><em>πρόβα-</em></strong></span> 
     </span>
     <span class='ocr_line' id='line_1_9' title="bbox 156 1059 1112 1159; baseline 0.003 -28"><span class='ocrx_word' id='word_1_61' title='bbox 156 1090 206 1147; x_wconf 90' lang='grc' dir='ltr'><strong><em>τα,</em></strong></span> <span class='ocrx_word' id='word_1_62' title='bbox 219 1064 319 1142; x_wconf 85' lang='grc' dir='ltr'><strong><em>ἄλλος</em></strong></span> <span class='ocrx_word' id='word_1_63' title='bbox 330 1069 369 1132; x_wconf 82' lang='grc' dir='ltr'><strong><em>δέ</em></strong></span> <span class='ocrx_word' id='word_1_64' title='bbox 377 1091 426 1142; x_wconf 91' lang='grc' dir='ltr'><strong><em>τις</em></strong></span> <span class='ocrx_word' id='word_1_65' title='bbox 434 1069 567 1146; x_wconf 73' lang='grc' dir='ltr'><strong><em>ἵππους,</em></strong></span> <span class='ocrx_word' id='word_1_66' title='bbox 580 1068 615 1131; x_wconf 86' lang='grc' dir='ltr'><strong><em>οἱ</em></strong></span> <span class='ocrx_word' id='word_1_67' title='bbox 623 1065 661 1133; x_wconf 69' lang='grc' dir='ltr'><strong><em>δὲ</em></strong></span> <span class='ocrx_word' id='word_1_68' title='bbox 672 1067 856 1159; x_wconf 30' lang='grc' dir='ltr'><strong><em>πολλολικαλ</em></strong></span> <span class='ocrx_word' id='word_1_69' title='bbox 865 1064 944 1133; x_wconf 84' lang='grc' dir='ltr'><strong><em>καθ’</em></strong></span> <span class='ocrx_word' id='word_1_70' title='bbox 958 1059 1012 1134; x_wconf 81' lang='grc' dir='ltr'><strong><em>ῶν</em></strong></span> <span class='ocrx_word' id='word_1_71' title='bbox 1020 1063 1112 1134; x_wconf 88' lang='grc' dir='ltr'><strong><em>ταῦτ’</em></strong></span> 
     </span>
     <span class='ocr_line' id='line_1_10' title="bbox 156 1160 1114 1251; baseline 0.002 -21"><span class='ocrx_word' id='word_1_72' title='bbox 156 1167 302 1250; x_wconf 70' lang='grc' dir='ltr'><strong><em>ἐγίγνετο</em></strong></span> <span class='ocrx_word' id='word_1_73' title='bbox 320 1161 383 1249; x_wconf 81' lang='grc' dir='ltr'><strong><em>ούχ</em></strong></span> <span class='ocrx_word' id='word_1_74' title='bbox 398 1163 489 1242; x_wconf 84' lang='grc' dir='ltr'><strong><em>ὅπως</em></strong></span> <span class='ocrx_word' id='word_1_75' title='bbox 507 1161 684 1248; x_wconf 76' lang='grc' dir='ltr'><strong><em>ὠργίζοντο</em></strong></span> <span class='ocrx_word' id='word_1_76' title='bbox 699 1160 722 1251; x_wconf 86' lang='grc' dir='ltr'><strong><em>ή</em></strong></span> <span class='ocrx_word' id='word_1_77' title='bbox 738 1164 891 1244; x_wconf 73' lang='grc' dir='ltr'><strong><em>κολάζειν</em></strong></span> <span class='ocrx_word' id='word_1_78' title='bbox 907 1162 1114 1250; x_wconf 80' lang='grc' dir='ltr'><strong><em>ήξίουντούς</em></strong></span> 
     </span>
     <span class='ocr_line' id='line_1_11' title="bbox 156 1260 1114 1351; baseline 0.002 -21"><span class='ocrx_word' id='word_1_79' title='bbox 156 1268 262 1330; x_wconf 89' lang='grc' dir='ltr'><strong><em>ταῦτα</em></strong></span> <span class='ocrx_word' id='word_1_80' title='bbox 278 1269 475 1346; x_wconf 80' lang='grc' dir='ltr'><strong><em>ποιοῦντας,</em></strong></span> <span class='ocrx_word' id='word_1_81' title='bbox 498 1260 782 1348; x_wconf 79' lang='grc' dir='ltr'><strong><em>ἄλλ’ἆπέβλεπον,</em></strong></span> <span class='ocrx_word' id='word_1_82' title='bbox 803 1264 960 1348; x_wconf 75' lang='grc' dir='ltr'><strong><em>ἐζήλουν,</em></strong></span> <span class='ocrx_word' id='word_1_83' title='bbox 984 1268 1114 1351; x_wconf 72' lang='grc' dir='ltr'><strong><em>ἐτίμων,</em></strong></span> 
     </span>
     <span class='ocr_line' id='line_1_12' title="bbox 94 1359 1113 1450; baseline 0.004 -24"><span class='ocrx_word' id='word_1_84' title='bbox 94 1361 281 1447; x_wconf 60' lang='grc' dir='ltr'><strong><em>’δῦν”νδρας</em></strong></span> <span class='ocrx_word' id='word_1_85' title='bbox 291 1360 452 1449; x_wconf 78' lang='grc' dir='ltr'><strong><em>ἡγοῦντο·</em></strong></span> <span class='ocrx_word' id='word_1_86' title='bbox 473 1363 584 1448; x_wconf 81' lang='grc' dir='ltr'><strong><em>ἐπειδή</em></strong></span> <span class='ocrx_word' id='word_1_87' title='bbox 601 1359 697 1429; x_wconf 89' lang='grc' dir='ltr'><strong><em>ταῦθ’</em></strong></span> <span class='ocrx_word' id='word_1_88' title='bbox 715 1361 805 1430; x_wconf 84' lang='grc' dir='ltr'><strong><em>ούτω</em></strong></span> <span class='ocrx_word' id='word_1_89' title='bbox 821 1360 989 1450; x_wconf 77' lang='grc' dir='ltr'><strong><em>προήγετο</em></strong></span> <span class='ocrx_word' id='word_1_90' title='bbox 1006 1366 1064 1432; x_wconf 76' lang='grc' dir='ltr'><strong><em>καὶ</em></strong></span> <span class='ocrx_word' id='word_1_91' title='bbox 1079 1361 1113 1430; x_wconf 82' lang='grc' dir='ltr'><strong><em>τῦ</em></strong></span> 
     </span>
     <span class='ocr_line' id='line_1_13' title="bbox 157 1461 1113 1550; baseline 0 -21"><span class='ocrx_word' id='word_1_92' title='bbox 157 1466 359 1545; x_wconf 76' lang='grc' dir='ltr'><strong><em>δωροδοκεῖν</em></strong></span> <span class='ocrx_word' id='word_1_93' title='bbox 370 1462 546 1547; x_wconf 66' lang='grc' dir='ltr'><strong><em>ἐκράτησε,</em></strong></span> <span class='ocrx_word' id='word_1_94' title='bbox 566 1461 897 1548; x_wconf 77' lang='grc' dir='ltr'><strong><em>χιλίουςμὲνὶππεάς</em></strong></span> <span class='ocrx_word' id='word_1_95' title='bbox 908 1468 1113 1550; x_wconf 82' lang='grc' dir='ltr'><strong><em>κεκτημένοι,</em></strong></span> 
     </span>
     <span class='ocr_line' id='line_1_14' title="bbox 155 1556 1114 1647; baseline 0.002 -20"><span class='ocrx_word' id='word_1_96' title='bbox 155 1567 289 1640; x_wconf 86' lang='grc' dir='ltr'><strong><em>πλείους</em></strong></span> <span class='ocrx_word' id='word_1_97' title='bbox 301 1559 333 1628; x_wconf 92' lang='grc' dir='ltr'><strong><em>δ’</em></strong></span> <span class='ocrx_word' id='word_1_98' title='bbox 346 1561 440 1640; x_wconf 81' lang='grc' dir='ltr'><strong><em>ὅντες</em></strong></span> <span class='ocrx_word' id='word_1_99' title='bbox 449 1556 472 1647; x_wconf 79' lang='grc' dir='ltr'><em>ἢ</em></span> <span class='ocrx_word' id='word_1_100' title='bbox 481 1560 614 1647; x_wconf 90' lang='grc' dir='ltr'><strong><em>μύριοι,</em></strong></span> <span class='ocrx_word' id='word_1_101' title='bbox 631 1559 759 1640; x_wconf 79' lang='grc' dir='ltr'><strong><em>πάντας</em></strong></span> <span class='ocrx_word' id='word_1_102' title='bbox 771 1563 807 1628; x_wconf 75' lang='grc' dir='ltr'><strong><em>δὲ</em></strong></span> <span class='ocrx_word' id='word_1_103' title='bbox 817 1559 897 1640; x_wconf 79' lang='grc' dir='ltr'><strong><em>τούς</em></strong></span> <span class='ocrx_word' id='word_1_104' title='bbox 908 1561 1114 1647; x_wconf 75' lang='grc' dir='ltr'><strong><em>περιχώρους</em></strong></span> 
     </span>
     <span class='ocr_line' id='line_1_15' title="bbox 154 1658 1113 1748; baseline 0.003 -23"><span class='ocrx_word' id='word_1_105' title='bbox 154 1662 283 1743; x_wconf 77' lang='grc' dir='ltr'><strong><em>ἔχοντες</em></strong></span> <span class='ocrx_word' id='word_1_106' title='bbox 293 1658 494 1745; x_wconf 82' lang='grc' dir='ltr'><strong><em>συμμάχους,</em></strong></span> <span class='ocrx_word' id='word_1_107' title='bbox 502 1665 633 1744; x_wconf 89' lang='grc' dir='ltr'><strong><em>μυρίοις</em></strong></span> <span class='ocrx_word' id='word_1_108' title='bbox 643 1662 679 1748; x_wconf 76' lang='grc' dir='ltr'><strong><em>δὲ</em></strong></span> <span class='ocrx_word' id='word_1_109' title='bbox 691 1663 794 1739; x_wconf 80' lang='grc' dir='ltr'><strong><em>ξένοις</em></strong></span> <span class='ocrx_word' id='word_1_110' title='bbox 804 1662 859 1727; x_wconf 75' lang='grc' dir='ltr'><strong><em>καὶ</em></strong></span> <span class='ocrx_word' id='word_1_111' title='bbox 872 1660 1024 1745; x_wconf 79' lang='grc' dir='ltr'><strong><em>τριήρεσι</em></strong></span> <span class='ocrx_word' id='word_1_112' title='bbox 1034 1685 1113 1728; x_wconf 89' lang='grc' dir='ltr'><strong><em>πεν-</em></strong></span> 
     </span>
     <span class='ocr_line' id='line_1_16' title="bbox 53 1755 1113 1846; baseline 0.003 -22"><span class='ocrx_word' id='word_1_113' title='bbox 53 1794 59 1803; x_wconf 83' lang='grc'><em>·</em></span> <span class='ocrx_word' id='word_1_114' title='bbox 153 1757 298 1844; x_wconf 84' lang='grc' dir='ltr'><strong><em>τήκοντα</em></strong></span> <span class='ocrx_word' id='word_1_115' title='bbox 308 1755 406 1843; x_wconf 79' lang='grc' dir='ltr'><strong><em>ὑμῶν</em></strong></span> <span class='ocrx_word' id='word_1_116' title='bbox 415 1759 662 1846; x_wconf 75' lang='grc' dir='ltr'><strong><em>βοηθησάντων</em></strong></span> <span class='ocrx_word' id='word_1_117' title='bbox 672 1756 868 1844; x_wconf 79' lang='grc' dir='ltr'><strong><em>αῦτοίς,καλ</em></strong></span> <span class='ocrx_word' id='word_1_118' title='bbox 879 1762 927 1826; x_wconf 72' lang='grc' dir='ltr'><strong><em>ἔτι</em></strong></span> <span class='ocrx_word' id='word_1_119' title='bbox 936 1765 1008 1828; x_wconf 89' lang='grc' dir='ltr'><strong><em>τῶν</em></strong></span> <span class='ocrx_word' id='word_1_120' title='bbox 1018 1768 1113 1828; x_wconf 90' lang='grc' dir='ltr'><strong><em>πολι-</em></strong></span> 
     </span>
     <span class='ocr_line' id='line_1_17' title="bbox 154 1853 1110 1944; baseline -0.001 -22"><span class='ocrx_word' id='word_1_121' title='bbox 154 1863 223 1923; x_wconf 91' lang='grc' dir='ltr'><strong><em>τῶν</em></strong></span> <span class='ocrx_word' id='word_1_122' title='bbox 243 1857 528 1941; x_wconf 76' lang='grc' dir='ltr'><strong><em>τετρακισχιλίοις,</em></strong></span> <span class='ocrx_word' id='word_1_123' title='bbox 551 1854 652 1924; x_wconf 71' lang='grc' dir='ltr'><strong><em>οῦδὲν</em></strong></span> <span class='ocrx_word' id='word_1_124' title='bbox 664 1853 787 1935; x_wconf 82' lang='grc' dir='ltr'><strong><em>αύτούς</em></strong></span> <span class='ocrx_word' id='word_1_125' title='bbox 806 1857 939 1924; x_wconf 90' lang='grc' dir='ltr'><strong><em>τούτων</em></strong></span> <span class='ocrx_word' id='word_1_126' title='bbox 961 1858 1110 1944; x_wconf 75' lang='grc' dir='ltr'><strong><em>ἐδυνήθη</em></strong></span> 
     </span>
     <span class='ocr_line' id='line_1_18' title="bbox 153 1953 1110 2042; baseline 0.003 -23"><span class='ocrx_word' id='word_1_127' title='bbox 153 1960 274 2038; x_wconf 87' lang='grc' dir='ltr'><strong><em>σῶσαι,</em></strong></span> <span class='ocrx_word' id='word_1_128' title='bbox 298 1953 382 2021; x_wconf 78' lang='grc' dir='ltr'><strong><em>ἀλλὰ</em></strong></span> <span class='ocrx_word' id='word_1_129' title='bbox 398 1956 478 2034; x_wconf 85' lang='grc' dir='ltr'><strong><em>πρὶν</em></strong></span> <span class='ocrx_word' id='word_1_130' title='bbox 488 1954 550 2038; x_wconf 71' lang='grc' dir='ltr'><strong><em>μὲν</em></strong></span> <span class='ocrx_word' id='word_1_131' title='bbox 560 1957 709 2033; x_wconf 80' lang='grc' dir='ltr'><strong><em>ἐξελθεῖν</em></strong></span> <span class='ocrx_word' id='word_1_132' title='bbox 724 1954 881 2024; x_wconf 77' lang='grc' dir='ltr'><strong><em>ἐνιαυτὸν</em></strong></span> <span class='ocrx_word' id='word_1_133' title='bbox 890 1965 953 2023; x_wconf 88' lang='grc' dir='ltr'><strong><em>τοῦ</em></strong></span> <span class='ocrx_word' id='word_1_134' title='bbox 963 1959 1110 2042; x_wconf 79' lang='grc' dir='ltr'><strong><em>πολέμου</em></strong></span> 
     </span>
     <span class='ocr_line' id='line_1_19' title="bbox 152 2048 1109 2143; baseline 0.007 -28"><span class='ocrx_word' id='word_1_135' title='bbox 152 2049 211 2127; x_wconf 75' lang='grc' dir='ltr'><strong><em>τὰς</em></strong></span> <span class='ocrx_word' id='word_1_136' title='bbox 222 2051 336 2128; x_wconf 81' lang='grc' dir='ltr'><strong><em>πόλεις</em></strong></span> <span class='ocrx_word' id='word_1_137' title='bbox 346 2048 477 2129; x_wconf 78' lang='grc' dir='ltr'><strong><em>ἅπύσας</em></strong></span> <span class='ocrx_word' id='word_1_138' title='bbox 488 2049 750 2122; x_wconf 79' lang='grc' dir='ltr'><strong><em>ἀπωλωλέκεσαν</em></strong></span> <span class='ocrx_word' id='word_1_139' title='bbox 758 2054 916 2143; x_wconf 75' lang='grc' dir='ltr'><strong><em>τὰςέντή</em></strong></span> <span class='ocrx_word' id='word_1_140' title='bbox 926 2061 1109 2141; x_wconf 79' lang='grc' dir='ltr'><strong><em>Χαλκιδικῇ</em></strong></span> 
     </span>
     <span class='ocr_line' id='line_1_20' title="bbox 153 2149 1110 2239; baseline 0.005 -24"><span class='ocrx_word' id='word_1_141' title='bbox 153 2149 377 2234; x_wconf 86' lang='grc' dir='ltr'><strong><em>προδιδόντες,</em></strong></span> <span class='ocrx_word' id='word_1_142' title='bbox 388 2153 444 2217; x_wconf 83' lang='grc' dir='ltr'><strong><em>καὶ</em></strong></span> <span class='ocrx_word' id='word_1_143' title='bbox 452 2157 615 2231; x_wconf 87' lang='grc' dir='ltr'><strong><em>Φίλιππος</em></strong></span> <span class='ocrx_word' id='word_1_144' title='bbox 625 2151 734 2220; x_wconf 78' lang='grc' dir='ltr'><strong><em>οὐκέτ’</em></strong></span> <span class='ocrx_word' id='word_1_145' title='bbox 748 2152 835 2239; x_wconf 77' lang='grc' dir='ltr'><strong><em>εἶχεν</em></strong></span> <span class='ocrx_word' id='word_1_146' title='bbox 845 2151 1035 2222; x_wconf 81' lang='grc' dir='ltr'><strong><em>ὑπακούειν</em></strong></span> <span class='ocrx_word' id='word_1_147' title='bbox 1044 2167 1110 2231; x_wconf 82' lang='grc' dir='ltr'><strong><em>τοῖς</em></strong></span> 
     </span>
     <span class='ocr_line' id='line_1_21' title="bbox 91 2247 1111 2339; baseline 0.002 -22"><span class='ocrx_word' id='word_1_148' title='bbox 91 2268 143 2324; x_wconf 78' lang='lat'><strong><em>267</em></strong></span> <span class='ocrx_word' id='word_1_149' title='bbox 153 2254 387 2336; x_wconf 79' lang='grc' dir='ltr'><strong><em>προδιδοῦσιν,</em></strong></span> <span class='ocrx_word' id='word_1_150' title='bbox 408 2247 483 2318; x_wconf 81' lang='grc' dir='ltr'><strong><em>οὐδ’</em></strong></span> <span class='ocrx_word' id='word_1_151' title='bbox 497 2249 582 2336; x_wconf 78' lang='grc' dir='ltr'><strong><em>εἶχεν</em></strong></span> <span class='ocrx_word' id='word_1_152' title='bbox 599 2250 621 2318; x_wconf 83' lang='grc' dir='ltr'><strong><em>δ’</em></strong></span> <span class='ocrx_word' id='word_1_153' title='bbox 631 2277 661 2319; x_wconf 92' lang='grc' dir='ltr'><strong><em>τι</em></strong></span> <span class='ocrx_word' id='word_1_154' title='bbox 670 2261 805 2334; x_wconf 87' lang='grc' dir='ltr'><strong><em>πρῶτον</em></strong></span> <span class='ocrx_word' id='word_1_155' title='bbox 815 2251 911 2339; x_wconf 80' lang='grc' dir='ltr'><strong><em>λύβη.</em></strong></span> <span class='ocrx_word' id='word_1_156' title='bbox 946 2248 1111 2320; x_wconf 83' lang='grc' dir='ltr'><strong><em>πεντακο-</em></strong></span> 
     </span>
     <span class='ocr_line' id='line_1_22' title="bbox 152 2348 1109 2437; baseline 0.002 -21"><span class='ocrx_word' id='word_1_157' title='bbox 152 2355 247 2428; x_wconf 88' lang='grc' dir='ltr'><strong><em>σίους</em></strong></span> <span class='ocrx_word' id='word_1_158' title='bbox 258 2348 291 2416; x_wconf 89' lang='grc' dir='ltr'><strong><em>δ’</em></strong></span> <span class='ocrx_word' id='word_1_159' title='bbox 303 2352 420 2428; x_wconf 77' lang='grc' dir='ltr'><strong><em>ἱππέας</em></strong></span> <span class='ocrx_word' id='word_1_160' title='bbox 437 2353 666 2435; x_wconf 78' lang='grc' dir='ltr'><strong><em>προδοθέντας</em></strong></span> <span class='ocrx_word' id='word_1_161' title='bbox 683 2348 743 2418; x_wconf 78' lang='grc' dir='ltr'><strong><em>ὑπ’</em></strong></span> <span class='ocrx_word' id='word_1_162' title='bbox 762 2350 954 2418; x_wconf 73' lang='grc' dir='ltr'><strong><em>αὐτῶντῶν</em></strong></span> <span class='ocrx_word' id='word_1_163' title='bbox 964 2348 1109 2437; x_wconf 80' lang='grc' dir='ltr'><strong><em>ήγονμέ·</em></strong></span> 
     </span>
     <span class='ocr_line' id='line_1_23' title="bbox 151 2445 1110 2534; baseline 0.001 -20"><span class='ocrx_word' id='word_1_164' title='bbox 151 2473 223 2514; x_wconf 92' lang='grc' dir='ltr'><strong><em>νων</em></strong></span> <span class='ocrx_word' id='word_1_165' title='bbox 239 2453 357 2534; x_wconf 76' lang='grc' dir='ltr'><strong><em>ἔλαβεν</em></strong></span> <span class='ocrx_word' id='word_1_166' title='bbox 374 2446 485 2527; x_wconf 74' lang='grc' dir='ltr'><strong><em>αὐτοῖς</em></strong></span> <span class='ocrx_word' id='word_1_167' title='bbox 502 2448 617 2529; x_wconf 82' lang='grc' dir='ltr'><strong><em>ὅπλοις</em></strong></span> <span class='ocrx_word' id='word_1_168' title='bbox 638 2449 656 2518; x_wconf 84' lang='grc' dir='ltr'>ὁ</span> <span class='ocrx_word' id='word_1_169' title='bbox 673 2457 850 2534; x_wconf 87' lang='grc' dir='ltr'><strong><em>Φίλιππος,</em></strong></span> <span class='ocrx_word' id='word_1_170' title='bbox 875 2448 981 2528; x_wconf 78' lang='grc' dir='ltr'><strong><em>ὅσους</em></strong></span> <span class='ocrx_word' id='word_1_171' title='bbox 1003 2445 1110 2526; x_wconf 84' lang='grc' dir='ltr'><strong><em>οῦδελς</em></strong></span> 
     </span>
     <span class='ocr_line' id='line_1_24' title="bbox 151 2544 1112 2635; baseline 0.002 -22"><span class='ocrx_word' id='word_1_172' title='bbox 151 2546 285 2614; x_wconf 86' lang='grc' dir='ltr'><strong><em>πῶποτε</em></strong></span> <span class='ocrx_word' id='word_1_173' title='bbox 297 2545 399 2624; x_wconf 71' lang='grc' dir='ltr'><strong><em>ἄλλος</em></strong></span> <span class='ocrx_word' id='word_1_174' title='bbox 416 2544 620 2630; x_wconf 84' lang='grc' dir='ltr'><strong><em>ανθρῶπων.</em></strong></span> <span class='ocrx_word' id='word_1_175' title='bbox 653 2551 709 2616; x_wconf 79' lang='grc' dir='ltr'><strong><em>καὶ</em></strong></span> <span class='ocrx_word' id='word_1_176' title='bbox 725 2546 854 2619; x_wconf 74' lang='grc' dir='ltr'><strong><em>οὔτε</em></strong></span> <span class='ocrx_word' id='word_1_177' title='bbox 819 2574 880 2616; x_wconf 91' lang='grc' dir='ltr'><strong><em>τον</em></strong></span> <span class='ocrx_word' id='word_1_178' title='bbox 894 2545 1029 2635; x_wconf 84' lang='grc' dir='ltr'><strong><em>ήλιον’</em></strong></span> <span class='ocrx_word' id='word_1_179' title='bbox 1008 2547 1112 2634; x_wconf 80' lang='grc' dir='ltr'><strong><em>ηοχύ-</em></strong></span> 
     </span>
     <span class='ocr_line' id='line_1_25' title="bbox 151 2639 1111 2744; baseline 0.003 -33"><span class='ocrx_word' id='word_1_180' title='bbox 151 2669 253 2712; x_wconf 90' lang='grc' dir='ltr'><strong><em>νοντο</em></strong></span> <span class='ocrx_word' id='word_1_181' title='bbox 272 2649 306 2711; x_wconf 84' lang='lat' dir='ltr'><strong><em>oc</em></strong></span> <span class='ocrx_word' id='word_1_182' title='bbox 321 2654 426 2713; x_wconf 89' lang='grc' dir='ltr'><strong><em>ταῦτα</em></strong></span> <span class='ocrx_word' id='word_1_183' title='bbox 442 2655 617 2728; x_wconf 90' lang='grc' dir='ltr'><strong><em>ποιοῦντες</em></strong></span> <span class='ocrx_word' id='word_1_184' title='bbox 634 2648 713 2717; x_wconf 79' lang='grc' dir='ltr'><strong><em>οὔτε</em></strong></span> <span class='ocrx_word' id='word_1_185' title='bbox 728 2647 792 2734; x_wconf 83' lang='grc' dir='ltr'><strong><em>τήν</em></strong></span> <span class='ocrx_word' id='word_1_186' title='bbox 808 2656 874 2735; x_wconf 79' lang='grc' dir='ltr'><strong><em>γῆν</em></strong></span> <span class='ocrx_word' id='word_1_187' title='bbox 890 2648 1040 2744; x_wconf 85' lang='grc' dir='ltr'><strong><em>πατρίδα</em></strong></span> <span class='ocrx_word' id='word_1_188' title='bbox 1052 2639 1111 2721; x_wconf 80' lang='grc' dir='ltr'><strong><em>ού,-</em></strong></span> 
     </span>
     <span class='ocr_line' id='line_1_26' title="bbox 152 2735 1110 2836; baseline 0.005 -29"><span class='ocrx_word' id='word_1_189' title='bbox 152 2759 233 2824; x_wconf 88' lang='grc' dir='ltr'><strong><em>σαν,</em></strong></span> <span class='ocrx_word' id='word_1_190' title='bbox 256 2735 340 2826; x_wconf 77' lang='grc' dir='ltr'><strong><em>ἐφ’</em></strong></span> <span class='ocrx_word' id='word_1_191' title='bbox 318 2771 357 2829; x_wconf 90' lang='grc' dir='ltr'><strong><em>ης</em></strong></span> <span class='ocrx_word' id='word_1_192' title='bbox 374 2745 533 2836; x_wconf 78' lang='grc' dir='ltr'><strong><em>εστωσαν,</em></strong></span> <span class='ocrx_word' id='word_1_193' title='bbox 556 2746 632 2814; x_wconf 86' lang='grc' dir='ltr'><strong><em>ούτε</em></strong></span> <span class='ocrx_word' id='word_1_194' title='bbox 649 2746 776 2831; x_wconf 63' lang='lat' dir='ltr'><strong><em>sepa*</em></strong></span> <span class='ocrx_word' id='word_1_195' title='bbox 733 2772 810 2816; x_wconf 91' lang='grc' dir='ltr'><strong><em>ουτε</em></strong></span> <span class='ocrx_word' id='word_1_196' title='bbox 821 2741 1110 2833; x_wconf 81' lang='grc' dir='ltr'><strong><em>τύφουςούτετήν</em></strong></span> 
     </span>
     <span class='ocr_line' id='line_1_27' title="bbox 148 2844 1109 2932; baseline 0.007 -28"><span class='ocrx_word' id='word_1_197' title='bbox 148 2864 230 2925; x_wconf 89' lang='grc' dir='ltr'><strong><em>μετα</em></strong></span> <span class='ocrx_word' id='word_1_198' title='bbox 247 2846 350 2906; x_wconf 88' lang='grc' dir='ltr'><strong><em>ταῦτα</em></strong></span> <span class='ocrx_word' id='word_1_199' title='bbox 371 2845 598 2929; x_wconf 79' lang='grc' dir='ltr'><strong><em>γενησομένην</em></strong></span> <span class='ocrx_word' id='word_1_200' title='bbox 616 2846 780 2932; x_wconf 79' lang='grc' dir='ltr'><strong><em>αἰσχύνην</em></strong></span> <span class='ocrx_word' id='word_1_201' title='bbox 800 2847 854 2914; x_wconf 76' lang='grc' dir='ltr'><strong><em>ἐπὶ</em></strong></span> <span class='ocrx_word' id='word_1_202' title='bbox 873 2844 1040 2924; x_wconf 83' lang='grc' dir='ltr'><strong><em>τοιούτοις</em></strong></span> <span class='ocrx_word' id='word_1_203' title='bbox 1056 2850 1109 2926; x_wconf 80' lang='grc' dir='ltr'><strong><em>ἕρ-</em></strong></span> 
     </span>
    </p>

    <p class='ocr_par' dir='ltr' id='par_1_4' title="bbox 36 2933 1110 3066">
     <span class='ocr_line' id='line_1_28' title="bbox 36 2933 1110 3066; baseline 0.014 -69"><span class='ocrx_word' id='word_1_204' title='bbox 36 2992 40 2997; x_wconf 90' lang='grc'>.</span> <span class='ocrx_word' id='word_1_205' title='bbox 148 2962 234 3020; x_wconf 91' lang='grc' dir='ltr'><strong><em>γοις</em></strong></span> <span class='ocrx_word' id='word_1_206' title='bbox 254 2933 361 3016; x_wconf 81' lang='grc' dir='ltr'><strong><em>οὕτως</em></strong></span> <span class='ocrx_word' id='word_1_207' title='bbox 371 2935 598 3025; x_wconf 79' lang='grc' dir='ltr'><strong><em>ἔκφρονας,</em></strong></span> <span class='ocrx_word' id='word_1_208' title='bbox 569 2966 595 3008; x_wconf 94' lang='grc' dir='ltr'><strong><em>ω</em></strong></span> <span class='ocrx_word' id='word_1_209' title='bbox 609 2941 745 3028; x_wconf 81' lang='grc' dir='ltr'><strong><em>ἄνδρες’</em></strong></span> <span class='ocrx_word' id='word_1_210' title='bbox 741 2954 922 3066; x_wconf 74' lang='grc' dir='ltr'><strong><em>Αθηναῖοι,</em></strong></span> <span class='ocrx_word' id='word_1_211' title='bbox 934 2948 993 3012; x_wconf 75' lang='grc' dir='ltr'><strong><em>καὶ</em></strong></span> <span class='ocrx_word' id='word_1_212' title='bbox 1003 2969 1110 3028; x_wconf 86' lang='grc' dir='ltr'><strong><em>παρα-</em></strong></span> 
     </span>
    </p>

    <p class='ocr_par' dir='ltr' id='par_1_5' title="bbox 72 3031 1109 3522">
     <span class='ocr_line' id='line_1_29' title="bbox 148 3031 1109 3148; baseline 0.01 -47"><span class='ocrx_word' id='word_1_213' title='bbox 148 3042 275 3121; x_wconf 89' lang='grc' dir='ltr'><strong><em>πληγυς</em></strong></span> <span class='ocrx_word' id='word_1_214' title='bbox 285 3061 322 3102; x_wconf 93' lang='grc' dir='ltr'><strong><em>το</em></strong></span> <span class='ocrx_word' id='word_1_215' title='bbox 311 3031 538 3121; x_wconf 80' lang='grc' dir='ltr'><strong><em>δωροδοκεῖν</em></strong></span> <span class='ocrx_word' id='word_1_216' title='bbox 548 3056 642 3109; x_wconf 80' lang='grc' dir='ltr'><strong><em>ποιεί</em></strong></span> <span class='ocrx_word' id='word_1_217' title='bbox 669 3041 756 3128; x_wconf 80' lang='grc' dir='ltr'><strong><em>ὑμᾶς</em></strong></span> <span class='ocrx_word' id='word_1_218' title='bbox 772 3035 852 3110; x_wconf 84' lang='grc' dir='ltr'><strong><em>οῦν.</em></strong></span> <span class='ocrx_word' id='word_1_219' title='bbox 865 3039 954 3128; x_wconf 83' lang='grc' dir='ltr'><strong><em>ὑμῶς</em></strong></span> <span class='ocrx_word' id='word_1_220' title='bbox 971 3036 1014 3110; x_wconf 85' lang='grc' dir='ltr'><strong><em>εύ</em></strong></span> <span class='ocrx_word' id='word_1_221' title='bbox 1026 3066 1109 3148; x_wconf 87' lang='grc' dir='ltr'><strong><em>φρο-</em></strong></span> 
     </span>
     <span class='ocr_line' id='line_1_30' title="bbox 72 3131 1108 3229; baseline 0.006 -30"><span class='ocrx_word' id='word_1_222' title='bbox 72 3172 75 3177; x_wconf 94' lang='grc'>-</span> <span class='ocrx_word' id='word_1_223' title='bbox 148 3146 220 3201; x_wconf 73' lang='grc' dir='ltr'><strong><em>νεῖν</em></strong></span> <span class='ocrx_word' id='word_1_224' title='bbox 232 3131 370 3213; x_wconf 82' lang='grc' dir='ltr'><strong><em>δείτοῦς</em></strong></span> <span class='ocrx_word' id='word_1_225' title='bbox 381 3137 542 3224; x_wconf 84' lang='grc' dir='ltr'><strong><em>πολλοῦς,</em></strong></span> <span class='ocrx_word' id='word_1_226' title='bbox 566 3142 620 3206; x_wconf 70' lang='grc' dir='ltr'><strong><em>καί</em></strong></span> <span class='ocrx_word' id='word_1_227' title='bbox 640 3167 692 3229; x_wconf 91' lang='grc' dir='ltr'><strong><em>μη</em></strong></span> <span class='ocrx_word' id='word_1_228' title='bbox 674 3139 943 3224; x_wconf 75' lang='grc' dir='ltr'><strong><em>ἐπιτρέπειν</em></strong></span> <span class='ocrx_word' id='word_1_229' title='bbox 905 3166 948 3207; x_wconf 90' lang='grc' dir='ltr'><strong><em>τα</em></strong></span> <span class='ocrx_word' id='word_1_230' title='bbox 959 3144 1108 3216; x_wconf 85' lang='grc' dir='ltr'><strong><em>τοιαῦτα,</em></strong></span> 
     </span>
     <span class='ocr_line' id='line_1_31' title="bbox 148 3231 1108 3324; baseline 0.013 -25"><span class='ocrx_word' id='word_1_231' title='bbox 148 3231 232 3300; x_wconf 82' lang='grc' dir='ltr'><strong><em>ἄλλα</em></strong></span> <span class='ocrx_word' id='word_1_232' title='bbox 245 3232 555 3323; x_wconf 77' lang='grc' dir='ltr'><strong><em>κολύζεινδημοσίᾳ.</em></strong></span> <span class='ocrx_word' id='word_1_233' title='bbox 586 3240 691 3305; x_wconf 82' lang='grc' dir='ltr'><strong><em>καὶ</em></strong></span> <span class='ocrx_word' id='word_1_234' title='bbox 652 3265 716 3323; x_wconf 88' lang='grc' dir='ltr'><strong><em>γαρ</em></strong></span> <span class='ocrx_word' id='word_1_235' title='bbox 735 3265 779 3306; x_wconf 93' lang='grc' dir='ltr'><strong><em>αν</em></strong></span> <span class='ocrx_word' id='word_1_236' title='bbox 789 3241 846 3308; x_wconf 75' lang='grc' dir='ltr'><strong><em>καὶ</em></strong></span> <span class='ocrx_word' id='word_1_237' title='bbox 862 3235 1035 3324; x_wconf 75' lang='grc' dir='ltr'><strong><em>ὑπερφυὲς</em></strong></span> <span class='ocrx_word' id='word_1_238' title='bbox 1046 3247 1108 3322; x_wconf 78' lang='grc' dir='ltr'><strong><em>είηι</em></strong></span> 
     </span>
     <span class='ocr_line' id='line_1_32' title="bbox 147 3329 1109 3423; baseline 0.005 -26"><span class='ocrx_word' id='word_1_239' title='bbox 147 3336 178 3398; x_wconf 85' lang='grc' dir='ltr'><strong><em>εί</em></strong></span> <span class='ocrx_word' id='word_1_240' title='bbox 187 3329 270 3399; x_wconf 74' lang='grc' dir='ltr'><strong><em>κατὰ</em></strong></span> <span class='ocrx_word' id='word_1_241' title='bbox 282 3331 343 3418; x_wconf 69' lang='grc' dir='ltr'><strong><em>μὲν</em></strong></span> <span class='ocrx_word' id='word_1_242' title='bbox 354 3341 424 3401; x_wconf 88' lang='grc' dir='ltr'><strong><em>τῶν</em></strong></span> <span class='ocrx_word' id='word_1_243' title='bbox 430 3331 629 3414; x_wconf 86' lang='grc' dir='ltr'><strong><em>Ὀλυνθίους</em></strong></span> <span class='ocrx_word' id='word_1_244' title='bbox 646 3338 844 3423; x_wconf 82' lang='grc' dir='ltr'><strong><em>προδόντων</em></strong></span> <span class='ocrx_word' id='word_1_245' title='bbox 854 3335 1030 3405; x_wconf 78' lang='grc' dir='ltr'><strong><em>πολλὰκαλ</em></strong></span> <span class='ocrx_word' id='word_1_246' title='bbox 1041 3342 1109 3404; x_wconf 80' lang='grc' dir='ltr'><strong><em>δει·</em></strong></span> 
     </span>
     <span class='ocr_line' id='line_1_33' title="bbox 147 3425 1107 3522; baseline 0.006 -27"><span class='ocrx_word' id='word_1_247' title='bbox 147 3425 190 3495; x_wconf 78' lang='grc' dir='ltr'><strong><em>νῦ</em></strong></span> <span class='ocrx_word' id='word_1_248' title='bbox 202 3432 430 3519; x_wconf 76' lang='grc' dir='ltr'><strong><em>ἐψηφίσασθε,</em></strong></span> <span class='ocrx_word' id='word_1_249' title='bbox 450 3432 533 3516; x_wconf 80' lang='grc' dir='ltr'><strong><em>τοῦς</em></strong></span> <span class='ocrx_word' id='word_1_250' title='bbox 548 3435 585 3503; x_wconf 64' lang='grc' dir='ltr'><strong><em>δὲ</em></strong></span> <span class='ocrx_word' id='word_1_251' title='bbox 603 3435 678 3521; x_wconf 83' lang='grc' dir='ltr'><strong><em>παρ’</em></strong></span> <span class='ocrx_word' id='word_1_252' title='bbox 689 3434 894 3522; x_wconf 73' lang='grc' dir='ltr'><strong><em>ύμῖναύτοῖς</em></strong></span> <span class='ocrx_word' id='word_1_253' title='bbox 905 3433 1107 3512; x_wconf 78' lang='grc' dir='ltr'><strong><em>ἀδικοῦντας</em></strong></span> 
     </span>
    </p>
   </div>
   <div class='ocr_carea' id='block_1_3' title="bbox 0 0 1174 3894">
    <p class='ocr_par' dir='ltr' id='par_1_6' title="bbox 0 0 1174 3894">
     <span class='ocr_line' id='line_1_34' title="bbox 0 0 1174 3894; baseline 0 2"><span class='ocrx_word' id='word_1_254' title='bbox 0 0 1174 3894; x_wconf 95' lang='lat' dir='ltr'><strong><em> </em></strong></span> 
     </span>
    </p>
   </div>
  </div>
 </body>
</html>
