2340 3894
410 183 700 243 numosrllurttcn.
948 201 1060 246 mvn

54 358 112 407 mut
132 367 256 406 menses
268 349 414 420 accedant,
435 353 483 424 qui
504 353 644 424 conjuncti
666 369 769 408 annum
784 352 932 409 conficiant
953 353 1062 410 duode-

55 435 228 508 vigesimum.

131 518 217 574 Circa
237 517 294 573 hoc
316 523 426 589 tempus
448 518 662 574 Demosthenem
693 519 868 589 eloquentiae
897 520 990 576 studio
1016 522 1061 575 in·

56 605 181 658 cumbere
204 602 436 673 clarissimosque
466 603 592 671 quitum
613 604 659 656 vel
679 602 707 656 in
730 605 866 658 concione
888 604 984 674 populi
1013 606 1060 660 vel

57 701 145 740 coram
163 684 313 755 iudicibus
331 688 421 741 verba
432 687 554 740 lucerent
571 691 697 740 oratores
709 688 860 756 -quales
876 688 987 742 luerunt
999 685 1061 743 cn-

58 770 192 839 hintes,
224 768 400 839 Aristophon
427 768 609 836 Azeniensis,
637 768 777 840 Cephalus
805 767 974 842 Collytensis
999 772 1061 826 alii·

58 868 104 923 que
131 868 193 906 non
219 852 303 921 pauci
324 882 367 893 -
387 851 486 907 audire
512 852 640 923 cepisse,
667 853 750 907 ctiam
779 856 839 909 sine
871 855 984 909 disertis
1012 856 1059 911 vet

59 936 139 1006 ipsius
161 935 211 989 vel
233 935 353 989 aliorum
374 935 540 991 testimoniis
558 935 636 990 credi
654 941 760 1007 potest;
780 937 949 992 institutione
966 935 1060 993 tamcn'

58 1026 82 1073 ct
94 1018 227 1073 familiari
247 1019 449 1074 consuetudine
464 1019 546 1074 unius
558 1036 626 1073 usus
644 1036 709 1074 esse
726 1019 836 1076 videtur
846 1022 933 1091 isaei,
951 1022 987 1076 de
1004 1038 1060 1093 quo

58 1101 219 1157 Plutarchus
244 1103 385 1172 ceterique
404 1104 484 1157 Vitae
505 1103 657 1173 scriptores
679 1118 777 1158 omnes
800 1106 870 1159 inter
892 1122 923 1160 se
942 1122 1061 1161 consen-

59 1187 159 1255 tiunt⁸)‚
183 1185 236 1239 etsi
250 1200 316 1240 non
339 1186 400 1240 sine
423 1185 553 1242 admixtis
571 1187 605 1239 ab
629 1201 684 1241 uno
706 1188 848 1260 alteroque
870 1190 979 1245 labellis
999 1191 1059 1261 qui·

59 1268 188 1337 busdam,
210 1267 410 1340 confirmatque
421 1268 574 1340 Dionysius
586 1267 673 1326 italic.
695 1270 723 1323 in
745 1271 838 1325 libello
849 1287 904 1340 quo
927 1272 961 1326 de
976 1274 1061 1328 isaeo

57 1352 188 1422 judicium
206 1351 271 1406 iecit
292 1353 515 1423 (poso-629.)
538 1354 567 1406 in
590 1368 644 1422 quo
664 1353 807 1423 utriusque
829 1356 947 1409 oratoris
969 1371 1060 1426 genus

59 1435 167 1491 dicendi
200 1435 273 1489 inter
299 1451 332 1490 se
362 1443 505 1507 comparat
531 1435 795 1506 similitudinemque
816 1437 959 1506 ostendit,
979 1441 1060 1509 cujus

58 1518 175 1590 uestigia
197 1520 279 1589 plura
301 1519 347 1573 vel
368 1521 395 1574 in
413 1522 448 1576 iis
466 1535 539 1589 quae
560 1518 646 1573 hodie
667 1526 818 1590 supersunt
837 1521 981 1590 utriusque
999 1535 1058 1574 ora·

58 1603 174 1658 tionibus
196 1603 352 1658 observare
373 1604 444 1672 ticet,
462 1619 533 1673 quos
552 1605 631 1657 locos
650 1604 751 1674 collegi
774 1605 800 1657 in
823 1605 1001 1658 annotatione
1023 1604 1061 1662 ad

59 1702 83 1757 p·
105 1687 169 1752 374,
194 1691 240 1744 41.
261 1687 290 1741 in
314 1685 436 1742 editione
460 1685 549 1741 Oxon.
582 1687 637 1740 vot.
662 1689 688 1744 7.
718 1704 745 1757 p.
773 1690 862 1752 1092,
891 1689 963 1741 inter
989 1703 1061 1759 quos

60 1785 126 1824 unus
149 1774 194 1824 est
215 1770 258 1837 (in
277 1771 402 1824 oratione
420 1776 516 1824 contra
533 1759 681 1824 Ohetorern
694 1777 717 1828 1.
730 1774 754 1835 S.
777 1773 822 1828 37.
844 1787 870 1840 p.
892 1773 968 1838 874.)
980 1772 1061 1840 eujus

61 1867 163 1909 summa
188 1868 252 1907 cum
278 1854 374 1909 verbis
402 1854 475 1908 isaei
508 1854 551 1918 (in
574 1854 700 1908 oratione
723 1853 758 1907 de
775 1853 928 1908 hereditate
952 1855 1060 1911 Cironis

61 1951 86 2006 ι)
103 1938 198 2003 tul.)
211 1936 383 1991 srmrlrtudo
373 1954 431 2030 pam
443 1936 628 2008 Porphyrium
645 1936 765 1993 advertit
777 1952 821 2008 ap
840 1937 942 1992 Euseb.
962 1940 1060 2007 Praep.

63 2018 107 2073 liv.
126 2025 168 2087 10,
191 2025 218 2079 3.
240 2036 267 2091 p.
290 2023 350 2080 466.
371 2036 407 2075 τα
395 2006 488 2113 περὶ
505 2009 644 2092 βασάνων
665 2015 803 2119 εἰρημένα
821 2037 880 2112 μαρ
885 2007 1006 2099 ’Ἰσαίῳ
1027 2013 1060 2076 ἐν

61 2118 98 2179 τῳ
87 2095 180 2178 περί
200 2118 254 2157 του
241 2098 403 2178 Κίρωνος
423 2092 537 2178 κλήρου
551 2096 601 2157 καὶ
620 2091 699 2203 τιμρᾶ
711 2093 871 2198 Ἰσοκράτει
887 2097 975 2158 ἐν
933 2123 974 2182 τρο
989 2121 1060 2178 τρα-

62 2157 192 2282 τεξιιιιιρῖ
210 2186 248 2255 (c.
262 2188 306 2245 47.
321 2203 348 2256 p
363 2187 472 2254 3696.)
460 2187 582 2254 >ccciccc
599 2180 649 2241 καὶ
669 2205 752 2282 τιαρα
738 2161 963 2261 Δημοσθένει
969 2179 1001 2241 ἐν
1016 2183 1062 2263 τῷ

62 2254 121 2323 κατ’
137 2244 300 2344 Ὀνήτορος
314 2261 434 2352 ἐξούλης
447 2256 551 2343 σχεδὸν
574 2257 624 2324 ded
639 2267 699 2326 τῶν
715 2258 816 2325 αυτῶν
834 2265 959 2343 εἴρηται.
984 2242 1060 2323 unde

63 2353 174 2409 tortasse
201 2360 264 2408 orta
295 2355 452 2408 criticorum
479 2354 656 2425 quorundam
680 2361 805 2408 veterum
834 2355 994 2422 conjectura
1023 2350 1060 2405 dc

63 2436 227 2493 oralionihus
245 2443 343 2492 contra
365 2436 514 2493 Onetorcm
539 2437 647 2492 duabus
664 2436 710 2492 vel
731 2436 841 2507 scriptis
862 2436 909 2488 vet
929 2434 1062 2489 correctis

63 2520 93 2575 ah
111 2520 207 2587 isaeo,
238 2537 324 2591 quam
348 2527 483 2576 memorat
509 2519 676 2576 Libanius
669 2535 697 2573 m
725 2521 897 2591 Argumento
925 2518 1061 2573 orationis

64 2595 212 2673 atterius&
225 2597 378 2660 rationibus
392 2605 486 2659 luttcm
497 2604 579 2659 valde
592 2603 716 2659 infirmis.
740 2604 838 2672 Neque
850 2603 924 2656 enim
939 2602 1063 2674 singulo·

67 2728 260 2751 15-

376 2768 391 2795 Χ

122 2814 151 2878 a)
170 2813 300 2865 Plutarch.
327 2815 360 2864 V.
379 2802 510 2865 Demosth.
535 2829 557 2863 c.
577 2816 603 2865 5
625 2814 737 2864 Pseudu-
738 2813 803 2863 Piut.
828 2812 860 2862 V.
884 2814 970 2862 decem
996 2822 1060 2863 orat.

66 2895 88 2946 p·
101 2881 209 2937 8333:
217 2881 329 2933 8446.
354 2882 444 2932 Libau.
459 2884 492 2932 V.
512 2882 641 2932 Demosth.
662 2898 690 2948 p.
708 2882 734 2941 3,
752 2881 777 2932 6
795 2889 820 2930 et
838 2883 864 2929 in
882 2883 987 2947 Argum
1005 2895 1061 2932 ore·

66 2952 122 3001 tonis
141 2951 224 3017 31.
226 2950 315 3001 ..876
334 2951 496 3002 ZosimusV.
511 2950 642 3001 Demosth.
661 2967 689 3016 p.
703 2950 744 3030 19,
761 2949 803 3001 16.
832 2951 913 3000 Αοοο.
927 2951 961 3001 ih.
979 2958 1004 3014 p
1018 2951 1061 3007 24.
1126 2960 1131 2969 '

68 3016 102 3070 16.
136 3021 212 3073 Phot.
206 2967 300 3070 pBihl.
319 3033 346 3084 p.
364 3019 426 3081 432,
445 3019 488 3071 26.
525 3018 657 3071 Suidaes.
676 3035 701 3068 v.
715 2986 827 3074 Ἰσαῖος.

123 3088 152 3154 6)
171 3090 236 3156 Peg.
256 3087 317 3138 875.
353 3083 418 3167 περὶ
439 3081 471 3138 66
488 3084 545 3136 τῶν
561 3080 652 3152 λόγων
669 3080 778 3136 τούτων
794 3076 1012 3168 προειρήκαμεν
1018 3075 1064 3135 ὅτι

65 3154 158 3207 πολλοί
172 3169 264 3222 φασιν
278 3146 382 3212 αυτοὺς
397 3146 455 3206 ὑπὸ
470 3149 574 3205 ”Ισαιου
590 3154 773 3240 συντεθῆναι,
791 3152 843 3205 τοῦ
859 3146 980 3218 ρήτορος
996 3146 1061 3203 τἰτιι

67 3223 188 3285 crederer
172 3173 284 3275 φεἶναι
300 3217 349 3273 διὰ
364 3216 419 3303 τήν
435 3215 562 3288 ἡλικίαν,
588 3218 618 3273 οἱ
635 3222 667 3273 di
682 3237 725 3303 pe,
750 3218 776 3274 εἰ
796 3215 833 3288 μή
855 3221 953 3284 τοῦτο,
977 3219 1063 3298 διωρ-

68 3287 177 3345 tucher
193 3308 231 3378 με
255 3284 314 3342 ὑπὸ
338 3290 390 3341 τοῦ
408 3283 528 3342 Ἰσαίου·
553 3284 711 3342 ἐοίκασι
682 3308 734 3357 γαρ
753 3295 813 3349 τοῖς
830 3259 953 3340 ἐκείνου
956 3283 1058 3350 to'pocc

68 3356 225 3439 toparcha
249 3352 278 3410 d'
301 3352 386 3410 ccccv
408 3353 478 3411 εί
450 3376 502 3410 τον
519 3354 691 3410 6ι6άσκαλον
709 3352 861 3425 ἐμιμήσατο
879 3353 927 3405 καὶ
933 3352 1062 3432 μηδέπω

68 3422 129 3491 πρὸς
143 3424 176 3482 τ6
194 3419 341 3482 τέλειον
321 3444 401 3494 ήκιον
424 3419 521 3479 ἐπὶ
492 3444 544 3478 τον
566 3420 676 3480 ἐκείνου
693 3426 855 3495 χαρακτῆρα
871 3414 965 3488 μετῄει
981 3419 1057 3481 τὲως
