2340 3894
291 216 418 279 ΠΕΡΙ
438 217 539 313 ΤΟΥ
558 218 853 285 ΣΤΕΦΑΝΟΤ.
984 223 1048 289 267

86 371 183 463 αὐτῇ.
216 376 334 444 σκόπει
353 383 470 444 τοίνυν
492 374 600 456 εύθύς
611 379 642 457 ἐξ
657 365 775 466 ’ἀρχῆς
808 388 868 448 καί
880 409 946 468 μου
962 386 1047 499 πρός

87 471 174 552 Διὸς
186 479 349 561 μηδεμίαν
360 473 717 566 ψυχρότητακαταγνφ
734 481 856 562 μηδείς.
898 478 1017 564 ἐγω
978 507 1044 566 γαρ

88 571 150 640 ούτ
155 571 215 640 ἐῖ
226 599 275 652 τις
285 579 403 640 πενιαν
419 578 668 660 προπηλακίζει,
691 583 776 642 νοῦν
787 575 903 662 ἔχειν
884 585 1042 695 ηγρῦμαι,

86 671 149 739 ούτ
154 671 208 740 ἐί
214 698 263 751 τις
274 675 311 741 ἐν
323 661 495 757 ἀφθόνοις
500 673 636 757 τραφεὶς
648 675 701 740 ἐπὶ
710 672 819 767 τούτῳ
829 675 1043 760 σεμνύνεται·

84 768 188 838 οἰλλΗ
169 768 234 838 νπό
246 778 304 858 τῆς
313 771 448 838 τουτουί
458 796 519 837 του
506 777 678 855 χαλεποῦ
687 739 898 857 βλασφημίας
913 776 969 841 καὶ
980 794 1043 840 συ-

83 875 268 955 κοφαντίας
279 875 325 946 είς
341 867 514 946 τοιούτους
531 868 653 951 λόγους
671 870 839 953 ἐμπίπτειν
857 867 1044 955 α’ναγκόζο·

84 993 200 1055 μαι,ο
182 961 231 1045 οἷς
248 969 285 1034 ἐκ
302 975 371 1034 τοῖν
387 966 534 1034 ἐνόντων
551 963 596 1044 ὡς
603 961 651 1034 όὶυ
664 966 816 1053 δύνωμαι
827 969 1042 1123 μετριώτατα

82 1067 326 1152 χρήσομαι..

28 1176 72 1232 257
164 1158 478 1250 Εμοὶμὲντοίνυν
462 1169 569 1248 υπηρ
571 1188 618 1247 ευ,
629 1169 787 1249 Αισχινη,
806 1167 943 1233 παιδὶ
909 1191 971 1251 μεν
981 1193 1043 1235 ον-

82 1289 114 1330 τι
135 1268 257 1376 φοιτρῖυ
280 1266 326 1338 είς
347 1257 388 1327 τὰ
406 1260 617 1345 προσήκοντα
635 1265 861 1349 διδασκαλεῖα,
883 1266 938 1332 καὶ
955 1270 1042 1349 ἔχειν

82 1359 147 1428 ὅσα
168 1355 229 1444 χρη
252 1357 312 1424 τόν
334 1357 438 1442 μηδὲν
459 1357 596 1443 αίσχρόν
625 1358 811 1449 ποιήσοντα,
834 1358 872 1445 δύ
897 1367 1040 1447 ἔνδειαν,

57 1470 61 1479 “
81 1455 253 1539 ἐξελθόντι
272 1455 309 1524 δὲ
325 1458 361 1522 ἐκ
379 1459 507 1523 παίδων
526 1455 702 1540 ἀκόλουθα
719 1458 850 1536 τούτοις
871 1459 1059 1544 πράττειν,

80 1570 247 1643 χορηγεῖν,
259 1569 479 1641 τριηραρχεῖν,
492 1557 668 1641 είσφέρειν,
680 1561 841 1642 μηδεμιᾶς
852 1564 1040 1643 φιλοτιμίας

80 1657 164 1743 μήτε
173 1658 257 1732 ίδίας
269 1653 351 1739 μήτε
368 1651 800 1738 δημοσίαςύπολείπεσθαι,
823 1652 907 1723 ἀλλὰ
926 1657 981 1724 καὶ
997 1665 1040 1743 τῇ
1098 1695 1104 1706 ·

78 1753 177 1838 πόλει
193 1753 331 1829 καὶτοῖς
348 1759 457 1837 φίλοις
473 1751 636 1837 χρήσιμον
652 1752 753 1836 εἶναι,
776 1751 937 1839 ἐπειδὴδὲ
954 1752 1039 1839 πρὸς

77 1850 120 1921 τόι
135 1849 233 1921 κοινοὶ
244 1859 446 1934 προσελθεῖν
457 1853 550 1930 ἔδοξέ
563 1876 636 1936 μοι,
658 1857 796 1939 τοιαῦτα
813 1851 1036 1938 πολιτεύματα

78 1953 216 2021 ἑλέσθαι
228 1949 312 2019 ύστε
324 1952 379 2018 καὶ
390 1947 456 2016 ύπό
468 1953 527 2036 ’τῆς
538 1955 696 2035 πατρίδος
705 1953 761 2019 καὶ
771 1947 829 2017 ὑπ’
844 1949 1035 2039 όλλωνἙλ-
1045 1968 1099 2023 313

76 2050 193 2136 λήνων
204 2056 339 2116 πολλῦν
349 2046 505 2127 πολλάκις
515 2051 786 2134 ἐστεφανῶσθαι
799 2052 854 2118 καὶ
865 2037 947 2136 μηδὲ4
957 2048 1053 2128 τούς-

76 2145 252 2236 ἐχθρούς“
233 2154 329 2233 υμᾶς,
343 2173 387 2224 ως
398 2172 440 2213 ου
429 2141 610 2231 ’καλόγ’
588 2175 631 2233 ην
643 2175 664 2214 α
650 2144 894 2233 προειλόμην,
913 2152 1035 2264 ἐπιχει-
1086 2190 1090 2196 —

28 2263 150 2334 moetv
166 2250 284 2367 λε’γειρ.
326 2242 390 2328 ἐγω
408 2244 469 2336 μὲν
487 2243 526 2330 δη
544 2245 680 2332 τοιαύτη
703 2251 916 2334 συμβεβίωκα
939 2245 1034 2330 τύχη,

76 2343 236 2416 καὶπόλλ
254 2341 298 2414 όίν
313 2345 434 2430 ἔχωυ’
416 2369 487 2427 ετερ
486 2341 612 2411 ἐἰπεῖν
630 2346 705 2428 περὶ
717 2339 819 2427 αὐτῆς
831 2348 1033 2426 παραλείπω,

77 2445 328 2534 φυλαττόμενος
337 2470 374 2512 το
363 2443 535 2532 λυπηοαί
548 2468 622 2509 τινα
635 2446 671 2509 ἐν
682 2436 731 2520 οἷς
742 2440 958 2525 σεμνύνομαι
990 2438 1034 2505 σύ

75 2543 140 2621 δ’
123 2573 142 2614 ο
168 2543 289 2631 σεμνός
309 2541 395 2629 όνηρ
417 2545 472 2610 καὶ
494 2539 755 2628 διαπτύωντούς
776 2538 900 2617 ἄλλους
917 2537 1034 2605 σκόπει

75 2645 161 2733 πρὸς
171 2646 297 2732 ταύτην
307 2651 386 2730 ποίη
397 2645 461 2710 τινὶ
476 2644 632 2729 κέχρησαι
640 2641 737 2727 τύχη,
761 2635 800 2724 δι’
820 2635 862 2724 ἣν
879 2651 955 2716 παῖς
972 2635 1035 2723 μὲν

76 2741 128 2813 οδν
146 2741 228 2830 μετὰ
245 2750 368 2828 πολλῆς
378 2745 504 2820 ἐνδείας
521 2743 681 2829 ἐτράφης,
703 2738 828 2829 ἅματφ
839 2740 939 2822 πατρὶ
950 2733 1035 2819 πρός

75 2851 125 2935 τῷ
133 2848 351 2930 διδασκαλείῳ
360 2843 606 2927 προσεδρεύων,
624 2839 661 2908 τὸ
673 2842 777 2924 μέλαν
793 2845 917 2925 τρίβων
926 2839 982 2903 καὶ
992 2833 1033 2903 τὰ

74 2943 192 3030 βάθρα
203 2948 387 3027 σπογγίζων
398 2939 769 3024 καὶτδπαιδαγωγεῑον
792 2943 920 3020 κορῶν,
944 2935 1034 3001 οῖκέ·

28 3066 137 3123 ερτου
147 3041 257 3128 τάξιν,
270 3039 332 3109 ούκ
341 3043 523 3121 ἐλευθέρου
534 3035 764 3120 παιδὸς-ἔχων,
774 3069 777 3073 ·
787 3030 873 3118 ἀνὴρ
885 3030 1029 3117 δὲγενό·
1080 3098 1085 3103 ,

73 3165 178 3226 μενος
191 3146 232 3227 τῇ
242 3140 340 3226 μητρὶ
349 3136 493 3222 τελούση
509 3134 568 3213 τὰς
578 3139 714 3220 βίβλους
725 3128 966 3219 ἀνεγίγνωσκες
976 3129 1032 3195 καὶ

71 3236 179 3306 τόλλα
201 3243 474 3321 συνεσκευωροῦ,
501 3260 563 3318 την
585 3233 647 3318 μὲν
667 3229 772 3297 νύκτα
795 3232 955 3315 νεβρίζων
976 3229 1032 3294 καὶ

73 3341 279 3421 κρατηρίζων
296 3334 352 3400 καὶ
368 3337 543 3418 καθαίρων
554 3330 633 3408 τούς
649 3330 869 3413 τελουμὲυους
879 3322 964 3392 καῖ’
945 3348 1033 3391 απο-

28 3435 210 3519 μύττων
231 3440 279 3520 τῷ
300 3439 395 3516 πηλῷ
415 3431 550 3509 καὶτοῖς
571 3427 721 3508 πιτύροις
740 3423 831 3495 καῖ’
812 3419 949 3500 ανιστόις
963 3419 1032 3490 ιἰτό
