2340 3894
300 166 325 225 1.
366 162 760 229 ΟΛΤΝΘΙΑΚΟΣ
783 166 833 229 Α..·
1016 162 1037 230 7

84 322 131 402 οἷς
140 321 158 389 ὁ
166 327 361 407 Δημοσθένης
382 324 580 428 συναγορενει,
593 333 719 409 βοηθεῖν
729 323 855 391 κελεύων
863 334 925 402 τοῖς
931 321 1037 393 Ὀλνν·

83 413 174 483 θίοις.
206 411 259 470 καί
275 428 349 489 φησι
364 403 419 488 τὴν
431 403 557 472 ’ίΟλυνθ
556 435 598 472 ων
588 412 759 510 σωτηρίαν
776 402 940 513 ἀσφάλειαν
960 407 1037 475 εἶναι

84 498 145 555 τῶν
161 485 346 594 Ἀθηναίων·
370 492 540 591 σωζομένων
560 487 640 594 γὰρ
640 499 700 556 τῶν
718 485 883 556 Ὀλυνθίων
899 487 1037 557 οὐδέκοτε

86 572 168 656 ηξειν
180 568 264 649 είς
232 599 288 656 την
296 567 431 655 Ἀττικὴν
445 577 609 675 Φίλιππον,
622 569 696 638 ἇλλδι
707 581 768 649 τοῖς
775 569 945 656 Ἀθηναίοις
956 576 1036 652 ἕξου-
1102 578 1110 594 ’

84 661 160 720 σίαν
164 660 285 722 ἔσεσθαι
293 664 376 719 ιτλεῖν
387 652 475 719 ἐττλ
444 683 497 737 την
507 662 703 721 Μακεδονίαν
720 651 805 721 κᾶκει
796 665 972 721 ποιεῖσθαι
985 653 1062 721 rime

84 737 228 843 πόλεμον·
240 743 267 803 εί
277 733 377 804 δδδττδ
392 741 578 845 Φιλίτιτργέ
577 736 830 823 νοιτοηκυλις
790 764 865 822 αντη
870 786 881 822 ,
899 735 1038 805 ἀνεῖσθαι

84 818 141 902 τὴν
166 822 265 887 ἐστὶ
235 850 287 900 τας
302 820 451 923 Ἀθήνας
451 819 525 887 δδδν
543 846 584 926 ιφ
611 828 731 904 βασιλεῖ.
761 826 843 925 φησί
846 821 1038 927 δδδυσμαηον

83 901 210 969 εἶναι
181 931 232 970 τον
252 909 295 969 Φί
293 912 401 969 λαντον
417 899 471 986 οδχ
487 901 526 981 ὡς
540 901 723 987 ὖπείλιμτται,
741 903 904 991 θαρσύνων
921 899 963 971 ἔντ’
981 900 1035 970 αδ·

83 985 137 1053 τὸν
146 983 216 1063 τοὺς
224 981 410 1069 Ἀθηναίους.

171 1117 336 1177 Διιίλεκται
347 1116 379 1177 δὲ
393 1116 444 1177 καλ
453 1117 571 1217 περὶ
530 1141 589 1179 των
605 1120 753 1218 δημοσίων
767 1113 939 1200 χρημάτων,
962 1136 1035 1198 συμ

81 1193 237 1299 βουλεύων
244 1204 376 1298 ποιῆσαι
392 1193 468 1261 αδτδι
439 1219 735 1345 στρατιωτικα
692 1193 758 1265 ἰλντλ
780 1207 944 1301 θεωρικων.
985 1200 1036 1263 καὶ

82 1304 115 1344 το
103 1274 201 1354 ἔθος
218 1303 254 1343 ου
244 1273 452 1385 ’πρόδηλον“
436 1304 534 1382 ον,ρ
546 1282 684 1384 ἕχρωντο
680 1287 712 1345 οί
726 1274 937 1363 Ἀθηναῖοι,’
919 1308 1037 1383 αναγκη

82 1366 257 1464 σαφηνίσαι.
282 1358 339 1427 οὐκ
350 1360 433 1439 ὄντος
443 1388 475 1427 το
463 1358 615 1427 καλαιον
624 1360 754 1449 θεάτρου
766 1369 884 1427 λιθίνου
883 1358 966 1464 παρ’
982 1391 1035 1427 αυ-

81 1452 155 1526 τοῖς,
168 1439 244 1508 ἆλλδ
256 1450 382 1522 ξυλίνων
392 1449 647 1528 συμπηγνυμένων
658 1449 721 1530 ίκρί
720 1472 770 1527 ων,
789 1442 892 1509 καλ’
849 1470 970 1509 ιιαντων
981 1471 1036 1508 κα-

81 1525 326 1631 ταλαμβᾶνειν’
292 1552 384 1593 τωιον
394 1531 587 1610 σπευδόντων,
599 1533 711 1611 πληγαί
725 1552 755 1592 τε
771 1530 901 1611 ἐγίνοντο
917 1531 970 1590 καί
977 1551 1036 1590 που

82 1613 137 1674 καλ
152 1635 315 1714 τραυματα.
349 1618 434 1676 τοῦτο
451 1620 581 1677 κωλῦσαι
603 1611 798 1713 βουληθέντες
814 1615 847 1675 οί
861 1617 1036 1693 προεστῶτας

82 1701 144 1759 τῶν
159 1688 367 1797 Ἀθηναίων’
345 1718 475 1795 ωνητους
492 1692 664 1796 διτριησαντο
680 1689 748 1770 τοδς
764 1691 881 1797 τβττους,
899 1719 950 1757 και
940 1693 1034 1756 ἕκα-

79 1796 155 1841 στον
165 1780 225 1841 ἔδει
232 1774 351 1878 βιδόναι
367 1777 421 1841 δυο
438 1773 561 1862 δβολοδς
572 1781 623 1841 καλ
639 1775 842 1877 καταβαλόντα
856 1776 936 1841 θίαν
951 1779 1033 1858 ἔχειν.

81 1863 136 1925 ἵνα
154 1854 240 1925 δὲ
203 1886 245 1943 μη
260 1864 388 1927 δοκῶσιν
400 1887 428 1925 οι
421 1864 562 1943 πένητες
579 1868 738 1925 λνιιεῖσθαι
748 1887 788 1948 τῳ
776 1853 979 1965 ἆναλωματι,
1002 1861 1035 1923 ἐκ

81 1968 136 2007 του
122 1947 294 2026 ’δημοσίου
311 1941 471 2054 λαμβανειν
491 1946 612 2008 ἕκαστον
628 1941 739 2025 ἐτάχθη
755 1939 822 2021 τοδς
834 1941 888 2007 δύο
901 1938 1034 2026 δβολους.

82 2028 276 2091 ἕντέὖθεν
244 2053 298 2109 μιν
319 2053 374 2094 ουν
394 2053 426 2092 το
446 2030 517 2102 ἔθος
537 2026 659 2172 ἤρξατο,
679 2034 812 2129 προῆλθε
833 2027 865 2091 δὲ
888 2028 928 2103 είς
949 2034 1034 2091 τοῦτο

59 2124 62 2129 “
83 2105 157 2173 ωστε
179 2104 236 2172 οὖν
256 2114 297 2186 είς
317 2106 385 2185 τοὺς
405 2109 512 2186 τόπους
531 2112 624 2191 μόνον
640 2106 815 2213 ἕλαμβανον,
837 2104 934 2174 αλλα
927 2108 1034 2185 ’διπλοῖς

81 2188 183 2256 πάντα
192 2217 230 2255 τα
217 2188 400 2298 δημόσια
381 2220 514 2277 χρηματα
531 2196 706 2294 διενέμοντο.
739 2191 814 2257 όθιν
831 2195 883 2256 καλ
897 2197 983 2295 ιτερλ
981 2187 1034 2266 τδις

81 2280 240 2381 στρατείας
244 2273 367 2381 δκυηρολ
377 2279 564 2383 κατέστησαν.
600 2271 693 2339 παλαι
706 2272 811 2356 μὲν
776 2300 834 2378 ηαρ
846 2272 1033 2358 στρατευόμε-

83 2384 133 2423 νοι
150 2355 265 2440 μισθδν
283 2356 365 2443 παρὰ
385 2386 437 2442 της
457 2360 568 2441 πόλεως
587 2354 825 2441 ἕλαμβανον,’
792 2383 855 2423 τοτε
873 2358 938 2421 δδέ
940 2360 1035 2428 νταῖς

82 2447 235 2547 θεωρίαις
235 2444 285 2507 καλ
296 2452 360 2548 ταῖς
377 2436 533 2546 ἑορταῖς”
500 2467 577 2506 υικοι
592 2443 726 2523 μένοντες
745 2434 949 2543 διενέμοντο
918 2465 954 2502 τα
956 2430 1034 2543 χρή-

83 2542 176 2625 ματα·
200 2518 345 2590 ουκίτι
308 2553 363 2590 ουν
374 2522 486 2608 ηθελον
498 2526 604 2601 ἐξιέναι
615 2551 665 2587 και
656 2520 875 2625 κινδυνεύειν,
893 2514 968 2584 αλλα
985 2520 1035 2582 καὶ

82 2602 176 2708 νόμον
185 2610 289 2673 ἔθεντο
298 2612 364 2693 περὶ
375 2615 434 2671 τῶν
449 2614 608 2712 θεωρικων
623 2630 736 2670 τουτων
752 2629 918 2689 χρηματων,
936 2601 1034 2668 θανα-

81 2715 134 2755 τον
154 2685 333 2755 ἀπειλοῦντα
354 2698 397 2774 τῷ
419 2688 571 2774 γράψαντι
593 2695 789 2794 μετατεθῆναι
809 2714 901 2763 ταυτα
920 2690 962 2764 είς
980 2710 1036 2794 την

80 2769 211 2877 αρχαίαν
221 2771 366 2851 ταξινκαλ
382 2777 521 2856 γενέσθαι
537 2769 737 2874 στρατιωτικά.
776 2767 853 2837 διδ’
840 2798 857 2838 ο
876 2773 1032 2874 Δημοσθέ-

81 2883 136 2938 νης
153 2852 320 2958 ευλαβως’
301 2881 421 2923 αιττιται
436 2864 488 2957 τῆς
504 2857 571 2957 κιρλ
586 2880 691 2921 τουτου
706 2861 884 2939 συμβουλῆς,
902 2857 953 2921 καὶ
962 2851 1032 2921 δττε·

141 2960 216 3022 ησας
228 2936 360 3005 ἑαυτὸν
343 2966 387 3007 οτι
401 2959 461 3042 pov
475 2963 599 3023 μραφεις
608 2944 700 3001 ταῦτα
710 2933 787 3002 εἶναι
798 2934 1005 3023 στρατιωτικάς
996 2938 1059 2990 ·“9

155 3024 215 3106 ίρει
229 3050 295 3105 „poc
282 3016 358 3087 Δί’
375 3016 431 3087 οδκ
443 3024 541 3105 ἔγωγε.
544 3026 565 3062 “
593 3026 720 3085 τοσαῦτα
735 3021 789 3102 μὲν
804 3024 927 3105 τιερλ
886 3046 945 3085 των
954 3029 1031 3084 θεω-

83 3130 184 3187 ριιιων.

71 3278 75 3285 .
169 3221 332 3282 Διείλεκται
351 3211 415 3280 δὲ’
404 3242 420 3280 ο
428 3212 536 3319 ῥήτωρ
553 3216 604 3279 καὶ
622 3216 690 3317 κερλ
705 3220 855 3317 ττολιτικῆς
860 3210 1032 3319 βυναμεως,

83 3292 174 3391 δξιῶν
191 3294 299 3376 αυτοδς
317 3294 526 3384 στρατεύεσθαι
544 3293 648 3363 καλ
611 3324 652 3381 μη
671 3291 722 3361 διδ
736 3293 878 3379 ξένων,”
854 3314 951 3379 ωσπερ
968 3292 1035 3358 ελαί-
