2340 3894
130 213 175 277 44
362 217 409 276 Ν.
441 212 862 278 ΔΗΜΟΣΘΕΝΟῬΣ
950 261 963 289 .

69 382 83 407 “
130 373 271 443 ἅπαντα.
290 371 546 461 τοιγαροὺνάμα
558 370 749 461 ἀκηκόαμέν
758 400 790 442 τι
800 378 856 442 καί
865 374 1088 462 τριηράρχους

130 479 337 559 καθίσταμεν
347 476 404 542 καὶ
413 473 544 551 τούτοις
554 469 932 557 ἀντιδόσειςποιοὺμεθα
943 474 1000 540 καὶ
1011 475 1087 558 περὶ

129 571 306 657 χρημάτων
318 572 427 657 πόρου
437 578 639 656 σκοποῦμεν,
646 573 702 639 καὶ
712 569 794 656 μετά
802 579 905 638 ταῦτα
916 573 1087 657 ἐμβαίνειν

98 695 101 703 ·
130 669 211 748 τοὺς
220 677 392 756 μετοίκους
402 674 492 750 ἔδοξε
503 672 558 738 καί
568 669 646 748 τοὺς
656 672 756 757 χωρίς
766 668 1012 754 οίκοῦντας,εἶτ’
1022 668 1086 738 αά-

87 779 122 835 37
130 766 210 848 τοὺς
221 767 322 836 πάλιν
334 766 617 856 [ἀντεμβιβάζειν],
626 768 678 838 εἶτ’
688 773 725 837 ἐν
730 769 800 860 όσςο
810 779 916 838 ταῦτα
921 775 1085 856 μέλλεται,

131 865 350 954 προαπόλωλε
376 863 413 935 τὸ
442 869 504 951 ἐφ’.
521 866 542 934 δ
561 864 604 935 ἀν
624 871 827 954 ἐκπλέωμεν·
854 867 917 937 τόν
937 866 1003 954 γάρ
1023 876 1086 936 τοῦ

132 964 288 1049 πράττειν
303 964 429 1051 χρόνον
446 970 492 1045 είς
513 964 550 1034 τό
573 967 884 1050 παρασκευάζεσθαι
902 965 1085 1036 ἀναλίσκο-

131 1089 202 1149 μεν,
217 1067 252 1131 οἱ
260 1065 296 1132 δὲ
307 1071 375 1131 τῶν
385 1064 591 1151 πραγμάτων
600 1063 643 1133 οὐ
654 1068 792 1151 μένουσι
808 1068 917 1150 καιροί
928 1063 991 1151 τήν
1001 1063 1085 1152 ήμε-

133 1164 233 1245 τέραν
254 1168 446 1250 βραδυτῆτα
466 1165 523 1231 καὶ
544 1169 724 1251 εἰρωνείαν.
747 1160 801 1242 ’ἀς
821 1164 858 1232 δέ
877 1161 939 1232 τόν
960 1162 1084 1249 μεταξὺ

64 1269 69 1281 ’
133 1262 257 1347 χρόνον
267 1263 426 1349 δυνάμεις
437 1260 563 1348 οἰόμεθ’
576 1260 658 1348 ἡμῖν
672 1259 845 1350 ὑπάρχειν,
864 1258 966 1330 οὐδὲν
976 1258 1048 1329 οἷαί
1054 1257 1079 1329 τ’

135 1352 234 1427 οάσαι
242 1375 349 1429 ποιεῖν
360 1359 407 1429 ἐπ’
420 1359 535 1429 αάτῶν
544 1370 614 1429 τῶν
625 1369 753 1444 καιρῶν
762 1364 991 1447 ἐξελέγχονται.
1015 1357 1080 1430 ὁδ’

134 1466 181 1541 εἰς
190 1459 285 1530 τοῦθ’
299 1459 429 1549 ὕβρεως
444 1462 610 1548 ἐλήλυθεν
628 1459 701 1528 ὥστ’
715 1463 916 1529 ἐπιστέλλειν
925 1459 1081 1548 Εὑβοεῦ-
1090 1479 1122 1531 51

133 1580 188 1629 σιν
197 1561 262 1648 ήδη
272 1561 425 1638 τοιαύτας
436 1560 617 1638 ἐπιστολάς.

314 1719 588 1781 ΕΠΙΣΤΟΛΗΣ
604 1718 892 1780 ΛΝΑΓΝΩΣΙΣ.

83 1858 119 1912 38
216 1833 806 1927 Τούτων,ῶάνδρεςἈθηναῖοι,τῶν
817 1836 1081 1924 ἀνεγνωσμένων

127 1939 241 2027 ἀληθῆ
251 1942 312 2025 μέν
323 1943 392 2008 ἐστι
402 1937 443 2005 τά
454 1938 571 2025 πολλὰ,
581 1937 624 2017 ἀς
635 1937 698 2007 οὑκ
710 1943 786 2024 ἔδει,
794 1935 837 2005 οὑ
844 1939 912 2024 μήν
923 1935 990 2005 ἀλλ’
1000 1947 1082 2018 ίσως
1144 1977 1162 1993 ·

126 2035 189 2123 οὑχ
205 2036 288 2124 ἡδέα
305 2035 449 2104 ἀκούειν.
484 2035 552 2104 ἀλλ’
566 2043 597 2105 εί
613 2039 685 2124 μὲν,
703 2036 767 2106 ὅσα
778 2036 821 2105 ἀν
831 2063 880 2116 τις
889 2033 1021 2126 ὑπερβῇ
1032 2046 1081 2126 τῷ

124 2136 228 2224 λόγῳ,
241 2139 297 2203 ἵνα
315 2132 360 2222 μή
376 2135 518 2223 λυπήσῃ,
529 2138 585 2204 καὶ
600 2136 643 2203 τά
656 2136 833 2222 πράγματα
844 2133 1079 2223 ὑπερβήσεται,

125 2240 178 2303 δεῖ
187 2231 271 2321 πρός
280 2231 408 2322 ἡδονήν
419 2238 634 2322 δημηγορεῖν·
654 2241 685 2303 εί
693 2236 727 2302 δ’
737 2233 758 2321 ή
770 2242 840 2302 τῶν
849 2237 961 2319 λόγων
972 2235 1079 2322 χάρις,

126 2331 171 2403 ἀν
189 2328 212 2424 η’
235 2332 278 2423 μή
299 2334 526 2422 προσήκουσα,
549 2342 635 2424 ἔργω
657 2340 751 2420 ζημία
759 2342 916 2420 γίγνεται,
938 2334 1080 2422 αἰσχρόν

126 2437 194 2504 ἐστι
206 2441 392 2520 φενακίζειν
409 2431 558 2520 ἑαυτοὺς,
576 2437 632 2502 καὶ
652 2430 768 2500 ἅπαντ’
783 2430 1080 2518 ἀναβαλλομένους

80 2548 117 2604 39
126 2530 148 2600 ἃ
158 2527 234 2623 ἀνή
246 2538 390 2619 δυσχερῆ
400 2533 536 2600 πάντων
553 2530 704 2619 ὑστερεῖν
713 2540 783 2600 τῶν
793 2537 910 2617 ἔργων,
929 2535 985 2600 καὶ
995 2533 1081 2618 μηδὲ

123 2638 224 2700 τοῦτο
237 2631 406 2699 δύνασθαι
424 2640 563 2716 μαθεῖν,
575 2630 633 2707 ,ότι
652 2636 706 2698 δεῖ
718 2630 797 2709 τοὺς
813 2628 928 2717 ὀρθῶς
944 2635 1080 2718 πολέμῳ

124 2732 316 2814 χρωμένους
326 2726 390 2796 οάκ
407 2725 610 2797 ἀκολουθεῖν
625 2743 695 2808 τοῖς
711 2729 912 2816 πράγμασιν,
930 2726 999 2796 ἀλλ’
1014 2726 1080 2795 αάψ

125 2825 204 2904 τοὺς
213 2831 405 2913 ἔμπροσθεν
416 2826 501 2895 εἶναι
510 2835 579 2895 τῶν
590 2828 805 2915 πραγμάτων,
823 2825 955 2896 καὶτὸν
971 2824 1082 2895 αὐτόν

23 3010 26 3017 Ι
124 2925 252 3010 τρόπον
267 2922 378 3009 ῶσπερ
388 2933 456 2994 τῶν
465 2929 722 3015 στρατευμάτων
732 2925 883 3008 ἀξιώσειέ
896 2953 945 3005 τις
963 2922 1008 2994 ἀν
1018 2927 1082 2994 τὸν

124 3023 311 3112 στρατηγόν
319 3022 491 3113 ἡγεῖσθαι,
514 3027 603 3096 οὕτω
621 3031 763 3095 καὶτῶν
780 3026 984 3112 πραγμάτων
998 3021 1081 3104 τοὺς

124 3126 402 3214 βουλευομένους,
412 3123 453 3193 ἵν’
466 3123 489 3193 ά
500 3122 544 3194 ἀν
555 3131 693 3205 ἐκείνοις
705 3131 798 3215 δοκῇ,
815 3132 920 3192 ταῦτα
930 3123 1081 3210 πράττη-

38 3284 66 3293 ,
80 3234 179 3295 4οται
190 3225 245 3292 καί
256 3220 300 3310 μή
311 3222 353 3290 τά
365 3225 540 3311 συμβάντα
551 3225 801 3311 ἀναγκάζωνται
818 3225 961 3294 διῶιιειν.
984 3221 1082 3310 ὑμεῖς

127 3323 172 3407 δ’,
190 3316 218 3394 τό
236 3322 356 3409 ἀνδρες
374 3321 554 3410 Ἀθηναῖοι,
574 3333 732 3412 πλείστην
756 3324 901 3410 δύναμιν
920 3322 1082 3390 ἁπάντων
1150 3317 1152 3321 ’

127 3428 257 3509 ἔχοντες
263 3472 278 3517 ,ι
283 3423 442 3508 τριήρεις,
454 3421 606 3511 ὁπλίτας,
619 3428 755 3510 ίππέας,
765 3423 943 3511 χρημάτων
952 3421 1083 3509 πρόσο-
