2340 3894
277 187 403 253 ιιπει
424 189 533 251 Τιιω
552 191 893 261 Συπωονταω.
1002 164 1068 263 ιω

104 353 265 437 κτημένοι
279 356 442 419 τοιοῦτον.
452 354 565 435 ἔχουσι
579 359 671 419 νοῦν,
682 352 777 444 ὥστ’,
797 363 828 425 εί
836 360 956 441 πάντες
966 365 1001 431 οί
1009 363 1068 430 ἐν·

104 450 210 519 ταυδὶ
219 452 373 534 λέγοντες
383 455 523 536 φοβοῖεν
534 446 580 528 ὥς
590 447 660 536 ἥξει
668 453 834 542 βασιλεὺς,
844 454 889 536 ὡς
896 459 1063 545 πάρεστιν,

105 549 150 631 ὡς
161 546 228 636 οὐχ
239 545 359 620 οἷόντε
370 548 464 618 ταῦτ’
478 549 587 628 ἀλλως
597 555 698 636 ἔχειν,
710 556 767 620 καὶ
775 555 856 640 μετὰ
867 566 936 627 τοῖν
945 558 1065 644 λεγόν-

104 676 175 718 των
196 657 264 716 ίσοι
283 648 322 717 τὰ
344 654 474 733 πλῆθος
494 649 624 727 τούτοις
639 658 881 740 χρησμῳδοῖεν,
903 655 945 724 οὐ
960 657 1066 743 μόνον

105 748 171 818 οὐκ
184 745 237 816 ἀν
259 751 497 833 εἰσενέγκαιεν,
520 743 593 814 ἀλλ’
617 745 694 814 οὐδ’
714 744 757 818 ἀν
775 754 913 832 δείξαιεν
928 753 1000 822 οὐδ’
1021 751 1067 822 ἀν
1086 776 1091 781 ·

62 861 96 915 26
105 844 350 933 ὁμολογήσαιεν
358 851 551 931 κεκτῆσθαι.
574 850 604 912 εί
613 848 724 930 μέντοι
734 845 774 914 τὰ
786 857 851 917 νῦν
862 849 995 920 διάτων
1005 854 1065 921 λό-

103 972 177 1031 γων
195 943 324 1031 φοβεροὶ
338 950 425 1028 ἔργω
444 944 653 1028 πραττόμενα
671 955 861 1032 αἴσθοιντο,
883 947 994 1029 οὐδεὶς
1002 950 1065 1019 οὕ-

102 1071 170 1123 τως
185 1042 318 1130 ἠλίθιός
332 1045 423 1110 ἐστιν
440 1039 531 1120 ὅστις
547 1039 709 1127 οὐχ-ἑκών
725 1040 769 1111 ἀν
784 1048 857 1133 δοίη
868 1048 924 1115 καὶ
935 1057 1064 1131 πρῶτος

103 1143 303 1226 είσενέγκαι·
315 1146 362 1221 τίς
377 1137 441 1225 γὰρ
453 1135 622 1226 αἱρήσεται
632 1149 760 1226 μᾶλλον
770 1142 870 1225 αὐτὸς
880 1150 936 1215 καὶ
945 1146 986 1217 τά
997 1145 1064 1217 ἀντ’

104 1239 315 1310 ἀπολωλέναι
332 1235 355 1325 ή
373 1242 472 1326 μέρος
491 1247 561 1306 τῶν
578 1238 688 1307 ὄντων
704 1238 910 1324 ὑπὲραὺτοῦ
927 1248 982 1314 καλ
997 1242 1066 1314 των

105 1348 235 1409 λοιπῶν
250 1345 463 1425 είσενεγκεῖν;
482 1338 632 1424 χρήματα
650 1337 711 1422 μὲν
727 1338 768 1425 δή
786 1367 870 1426 φημι
886 1341 970 1409 εἶναι
980 1344 1065 1427 τότε,

107 1436 153 1509 ἀν
171 1437 215 1519 ὡς
232 1437 367 1526 ἀληθῶς
384 1440 461 1526 δέη,
482 1437 649 1523 πρότερον
664 1434 696 1503 δ’
709 1436 760 1505 οὔ.
784 1437 835 1505 διδ
857 1439 939 1526 μηδὲ
961 1447 1067 1526 ζητεῖν

65 1550 97 1604 27
107 1545 277 1623 παραινεῖ·
300 1535 364 1606 ὅσα
380 1537 445 1622 γάρ
461 1538 539 1604 νυνί
557 1532 719 1621 πορίσαιτ’
739 1531 799 1622 ἀν,
823 1543 854 1613 εί
868 1541 1066 1624 προέλοισθε

106 1641 278 1722 πορίζειν,
294 1642 420 1704 πλείων
434 1637 502 1702 ἐστὶ
518 1639 621 1719 γέλως
636 1642 699 1702 τοῦ
714 1635 866 1722 μηδενός.
898 1641 979 1722 φέρε
988 1636 1065 1723 γὰρ,

106 1735 288 1820 ἑκατοστήν
299 1761 348 1812 τις
357 1734 522 1818 είσφέρειν
532 1737 601 1819 ἐρεῖ
608 1741 690 1812 υῦν;
702 1731 830 1802 ου’κοῦν
840 1735 996 1820 ἑξήκοντα
1005 1736 1067 1803 τά-

105 1845 221 1901 λαντα.
241 1830 325 1901 ἀλλὰ
337 1833 564 1918 πεντηκοστήν
573 1859 621 1911 τις
632 1835 707 1917 ἐρεῖ,
718 1832 755 1903 τό
768 1838 926 1916 διπλοῦν;
939 1833 1068 1904 οὐκοῦν

106 1930 228 2001 ἑκατὸν
236 1933 292 1999 καὶ
303 1941 424 1999 είκοσι·
444 1933 501 1999 καὶ
511 1938 545 1998 τί
551 1929 643 1999 τοῦτ’
657 1937 725 2000 ἔστι
735 1933 819 2017 πρὸς
829 1939 998 2013 διακοσίας
1009 1936 1066 2003 καί

106 2036 211 2116 χιλίας
227 2029 415 2121 καμήλους,
435 2023 475 2108 ἃς
491 2037 623 2116 βασιλεῖ
634 2030 675 2098 τὰ
691 2031 832 2119 χρήματ’
851 2033 945 2119 ἀγειν
962 2036 1068 2121 φασὶν

108 2121 222 2209 οὗτοι,
241 2126 325 2196 ἀλλά
343 2136 398 2194 διδ
411 2128 578 2213 βούλεσθε
597 2128 889 2216 δωδεκάτηνήμᾶς
900 2138 1066 2216 είσοίσειν,

107 2226 308 2295 πεντακόσια
323 2227 485 2308 τάλκντα;
508 2225 580 2294 ἀλλ’
603 2225 677 2293 οὔτ’
694 2222 740 2294 ἀν
759 2226 962 2314 ἀνάσχοισθε
977 2227 1065 2313 οὔτ’,

73 2339 101 2392 28
108 2332 137 2395 εί
144 2335 332 2410 καταθεῖτε,
344 2325 420 2405 ἀξια
428 2334 491 2393 τοῦ
502 2326 649 2410 πολέμου
657 2322 697 2391 τά
708 2325 867 2411 χρήματα.
890 2331 942 2392 δεῖ
949 2332 1067 2393 τοίνυν

108 2422 251 2512 ὑμᾶςτιὶ
269 2425 331 2510 μὲν
347 2423 433 2493 ἀλλα
449 2423 786 2510 παρασκευάσασθαι,
810 2421 850 2489 τοὶ
870 2421 905 2490 δὲ
914 2422 1065 2509 χρήματα

110 2532 175 2593 νῦν
184 2525 319 2611 μὲνίιῐν
329 2522 407 2601 τοὺς
418 2527 640 2610 κεκτημένους
657 2527 743 2608 ἔχειν
761 2518 929 2607 (οὐδαμοῦ
944 2519 1010 2608 γὰρ
1021 2515 1065 2588 ἀν
1132 2580 1138 2589 ,

110 2626 145 2691 ἐν
165 2626 318 2691 καλλίονι
339 2623 473 2702 σοι’ζοιτο
493 2630 534 2711 τῇ
552 2623 677 2707 πόλει),
700 2619 759 2688 ἐὰν
776 2621 815 2688 δέ
829 2619 913 2689 ποθ’
932 2612 1066 2701 οὗτοςὸ

109 2720 225 2808 καιρὸς
234 2726 329 2808 ἔλθη,
340 2722 414 2790 τότε
424 2723 571 2791 ἑκόντων
581 2719 806 2806 εἰσφερόντων
817 2717 930 2788 αὐτῶν
940 2719 1069 2807 λαμβιί-
1078 2744 1132 2803 135

109 2847 191 2888 νειν.
224 2829 328 2888 ταῦτα
339 2823 440 2889 δὲκαὶ
451 2820 578 2899 δυνατά
589 2822 694 2904 ἐστιν,
712 2810 747 2886 οἱ
756 2816 877 2903 ἀνδρες
886 2816 1065 2906 Ἀθηναῖοι,

109 2921 165 2987 καὶ
185 2918 344 3004 πράττειν
365 2917 449 2987 καλά
467 2923 523 2987 καὶ
537 2920 751 3004 συμφέροντα
767 2918 824 2985 καὶ
844 2925 975 3004 βασιλεῖ
991 2921 1067 3004 περὶ

110 3015 208 3105 ὑμῶν
225 3019 391 3104 ἐπιτήδεια
408 3016 677 3104 ἀπαγγελθῆναι,
698 3018 755 3085 καὶ
766 3016 873 3102 φόβος
883 3014 945 3084 οὐκ
956 3013 1067 3102 ὀλίγος

73 3113 234 3204 λῖγένοιτ’
250 3113 296 3185 ἀν
310 3120 424 3207 ἐκείνην
443 3115 497 3185 διὰ
513 3117 651 3186 τούτων.
685 3115 754 3185 οἶδε
765 3120 827 3201 μέν
837 3142 875 3202 γε
887 3121 1067 3193 διακοσίαις

108 3205 295 3302 τριήρεσιν,
309 3207 357 3284 ὦν
367 3213 485 3284 ἑκατὸν
496 3213 719 3306 παρεσχόμεθ’
731 3213 824 3303 ἡμεῖς
830 3266 840 3301 ,
850 3217 930 3293 τοὺς
940 3213 1070 3298 προγό-

109 3339 191 3392 νους
213 3310 319 3381 αὐτοῦ
339 3320 442 3399 χιλίας
462 3312 685 3394 ἀπολέσαντας
704 3323 804 3402 ναῦς,
833 3311 1010 3382 ἀκούσεται
1032 3313 1069 3381 δὲ

107 3419 298 3499 τριακοσίας
310 3410 432 3492 αὐτοὺς
443 3413 528 3500 ἡμᾶς
541 3422 607 3483 νῦν
617 3414 963 3501 παρεσκευασμένους·
983 3409 1068 3480 ὥστε
