2340 3894
116 198 260 242 cxxxvm
498 136 762 240 cimonoloarh

117 347 186 431 πιρλ
211 348 265 423 τῆς
290 345 548 424 Μεγαλοπολιτῶν
572 345 718 425 βοηθείας
738 336 997 427 θημηγυριπὸν,“
978 366 1017 406 ον
1039 336 1132 420 αὐτὸς

118 373 287 513 ἆπήγγειλι.
327 434 368 489 De
395 435 471 490 bello
503 434 790 491 Lacedaemoniorum
813 442 840 490 et
867 435 1130 507 Megalopolitarum

121 520 264 579 videndus
275 516 416 574 Diodorus
432 523 474 588 15,
484 520 518 579 37
530 534 608 589 seqq.
621 521 667 592 qui
679 534 756 574 anno
770 518 899 590 proximo
911 521 1018 592 olymp.
1031 522 1092 585 107,
1105 525 1130 577 1.

116 603 310 676 (Aristodemo
332 600 481 669 archonte)
503 601 652 670 adscribit,
681 618 718 657 ex
740 618 795 674 quo
817 602 992 658 clintonus
985 618 1015 657 m
1037 602 1131 657 Fastis

114 692 172 747 vol.
183 692 213 748 2.
224 706 252 761 p.
269 691 329 746 131.
346 686 434 754 (143.)
457 685 561 756 colligit
580 687 734 742 orationem
750 686 948 742 Demosthenis
966 687 1046 741 brevi
1066 691 1132 741 aute

115 774 219 830 bellum
240 777 330 826 ortum
348 775 474 841 tempore
497 785 562 824 esso
585 769 722 836 habitam,
742 770 760 826 i.
780 786 807 823 e.
826 777 946 826 exeunte
966 784 1041 825 auno
1055 768 1133 825 'lhu-

116 856 201 913 demi.
236 856 365 912 Ceterum
393 852 541 927 consilium
565 852 762 908 Demosthenis
788 853 824 908 de
847 869 902 924 opc
921 853 1131 926 Megalopolitis

115 946 213 997 contra
235 935 475 993 Lacedaemonios
491 935 608 991 terenda
626 950 763 992 successu
783 938 909 993 caruisse
936 937 1063 1011 uidetur:
1093 935 1131 991 de

116 1042 172 1095 quo
200 1022 304 1078 dictum
330 1022 364 1075 ab
387 1020 533 1074 Voemelio
557 1019 594 1075 ad
619 1026 687 1075 orat.
710 1019 745 1075 de
767 1034 839 1091 pace
861 1038 888 1092 p.
907 1025 952 1092 61,
964 1025 1011 1080 22.

416 1231 421 1240 -
518 1198 651 1250 oum.
669 1199 729 1252 107.
801 1218 804 1225 ’

157 1319 310 1403 bitom
330 1321 603 1385 Aristodemus.
647 1328 675 1380 2
686 1312 780 1396 (3511,
786 1324 800 1391 )
822 1321 1036 1383 Thessalus.

157 1402 323 1488 nl⁸⁶⁰s,4,)
341 1407 611 1491 Apollodorus.
654 1400 783 1486 “³47⁸-
789 1407 1085 1479 >Callimachus¹

199 1530 225 1584 1.
237 1524 306 1579 Huic
323 1538 396 1579 anno
414 1523 570 1577 orationem
582 1521 766 1596 Philippicam
776 1523 896 1593 primam
908 1521 1126 1621 adscripsilDio

116 1610 267 1701 nysiusp.
261 1608 323 1666 725.
335 1590 455 1679 perdidi
441 1586 674 1676 teutomodo
684 1593 1022 1698 Ἀριοτόδημοςᾶρχων,
1034 1594 1126 1679 ἔφ’
1091 1622 1130 1665 ου

115 1689 176 1748 τῶν
197 1676 273 1746 πατὰ
299 1686 453 1745 Φιλίππου
476 1682 667 1784 (1ημηγοριων
686 1674 798 1763 ἤρξατο
815 1681 868 1744 sat
895 1679 1002 1785 λόγους
1026 1683 1060 1745 ts
1086 1706 1130 1771 sp

117 1760 770 1931 39113111111111111119
782 1748 1132 1931 {talmatii

116 1934 223 1997 t'hiacas
247 1947 313 2008 tres,
340 1939 449 1995 habitas
471 1941 579 2011 olymp.
592 1942 650 2006 107,
665 1944 701 2008 4.,
724 1939 901 2011 ponitschol.
922 1938 1087 2035 1101γ11111.
1103 1946 1130 2002 a.

115 2036 144 2096 p
142 2028 200 2092 29
212 2030 237 2082 2.
250 2025 321 2092 (vol.
333 2026 360 2080 8
372 2040 401 2095 p
423 2030 482 2089 115,
499 2026 544 2117 27.
561 2023 612 2077 ed·
625 2023 729 2093 Oxou)
748 2012 939 2079 αίνίττετοιι“
921 2040 970 2079 οτι
981 2011 1131 2080 moue

117 2108 225 2163 λατταν
254 2099 394 2162 ἐπελθεῖν
421 2093 476 2182 χρὴ
497 2102 542 2162 ταῖ
564 2103 706 2201 Φιλίππῳ
727 2100 778 2161 παλ
798 2107 914 2163 κλεῖσαι
934 2126 971 2165 τα
960 2095 1130 2186 ἐμπόρια,

116 2204 189 2267 οπερ
201 2177 289 2258 αὐτὸς
300 2203 428 2266 υστερον
445 2184 478 2246 ἐν
493 2189 537 2271 spi
547 2206 676 2269 τεταρτυ
686 2164 929 2290 ουνεβρύλευοεν.
953 2194 1130 2267 eandemque

117 2277 283 2343 sententiam
301 2275 378 2332 haud
396 2274 480 2332 dubie
500 2281 613 2331 secutus
635 2276 728 2330 estis
743 2277 790 2345 qui
810 2275 1008 2334 Demosthenis
1028 2279 1131 2334 oratio

116 2376 181 2416 nem
198 2359 296 2416 decem
315 2360 435 2432 primas,
457 2360 504 2431 qui
527 2349 706 2414 Φιλιππικοὶ
723 2360 758 2413 ab
774 2360 963 2429 grammaticis
986 2362 1131 2433 appellan-

116 2451 173 2510 tur',
202 2460 236 2501 eo
258 2461 313 2516 quo
332 2459 406 2500 nunc
422 2445 450 2498 in
465 2442 609 2499 codicibus
625 2443 755 2512 leguntur
774 2442 874 2496 ordine
892 2442 1032 2513 disposuit
1050 2444 1132 2499 chro-

116 2529 257 2600 nologico,
274 2530 320 2599 qui
337 2530 456 2584 violatus
474 2528 525 2582 erit
541 2526 564 2580 si
583 2524 751 2594 Philippica.
757 2525 849 2596 prima
865 2530 929 2584 ante
947 2525 1147 2598 Olynthiacass

20 2640 31 2651 .
116 2617 237 2683 ponatur
259 2627 321 2667 cum
335 2610 481 2681 Dionysio
518 2608 563 2662 De·
571 2623 627 2678 quo
638 2607 824 2678 disceptatum
843 2609 912 2663 inter
930 2609 1132 2680 grammaticos

118 2710 184 2751 esse
195 2710 232 2749 ex
244 2694 351 2750 scholio
363 2692 438 2763 adp
451 2695 495 2758 43,
510 2694 550 2749 10.
563 2691 635 2758 (vol.
650 2695 677 2749 8
692 2706 720 2760 p
734 2698 792 2756 150,
807 2694 1001 2787 mappam,
1012 2686 1066 2748 παλ
1082 2684 1132 2747 ὃν·

117 2774 226 2834 τεῦθον
250 2776 299 2842 (ex
322 2774 416 2829 verbis
436 2767 566 2846 τέθνηκε
587 2770 737 2841 Φίλιππος
761 2778 830 2845 etc.)
847 2763 1022 2849 occupent.
1036 2785 1133 2869 φασιν

117 2878 165 2917 οτι
182 2855 298 2931 πρῶτος
313 2837 435 2952 οὗτγςο
445 2847 546 2932 λόγος·
568 2849 619 2911 καὶ
619 2874 688 2949 γαρ
703 2872 723 2926 η
742 2846 885 2914 ἀσθένεια
897 2856 1053 2915 Φιλίππου
1066 2844 1133 2955 πρὸ

119 2940 174 3040 τῆς
184 2936 357 3016 πολιορκίας
363 2928 523 2998 Ὀλύνθου.
556 2926 632 2995 ἄλλα
644 2929 781 3013 φαμὲν
763 2958 810 2996 οτι
831 2958 888 2999 ουκ
902 2929 1026 3012 ἆπειιιός
1035 2931 1133 3042 νεγνὸν

116 3014 150 3083 τὸ
168 3022 305 3082 τοιοῦτον
320 3010 461 3081 θεῖναι’
441 3042 481 3094 υς
501 3011 835 3121 ἕνπυραδείγματι,”
797 3043 855 3080 παν
866 3006 907 3098 ἦν
926 3028 989 3096 τοῖς
1011 3016 1133 3100 χρόνοις

116 3103 359 3210 προγενέστερον·
387 3102 497 3166 ἔτεινον
524 3126 581 3184 γαρ
610 3124 663 3164 ατε
688 3104 782 3164 ταῦτα
817 3103 957 3178 θέλοντες
987 3103 1132 3184 γενέσθαι

117 3184 277 3271 ἐθρύλουν
312 3192 357 3249 Ex
377 3196 504 3250 oratione
529 3196 592 3266 ipsa
614 3208 700 3263 quum
722 3197 820 3248 neutra
836 3194 931 3266 opinio
949 3193 1063 3250 invictis
1086 3210 1131 3249 ar·

118 3279 259 3351 gumentis
284 3279 330 3333 val
358 3279 472 3333 refutari
494 3279 542 3332 vel
564 3277 740 3333 corroborari
763 3279 869 3359 possit,
887 3293 943 3332 non
965 3278 1059 3333 minor
1085 3293 1130 3333 re-

117 3364 270 3419 centiorum
282 3362 440 3418 criticorum
453 3359 598 3415 discordia
616 3366 672 3428 est,
685 3357 721 3413 de
734 3374 789 3430 qua
800 3352 883 3416 dix'i
876 3376 903 3415 m
917 3361 1019 3417 Annot.
1036 3361 1128 3418 Oxou.

117 3448 174 3504 vol.
184 3452 209 3505 5.
219 3464 249 3519 p.
263 3450 316 3514 92,
342 3445 403 3500 aliis
415 3459 517 3499 aunum
529 3442 673 3514 Dionysii,
696 3443 742 3513 qui
758 3449 801 3498 est
816 3446 920 3517 olymp.
933 3448 994 3512 101,
1012 3452 1046 3512 1,,
1064 3442 1129 3500 aliis
