2340 3894
159 224 204 288 42
376 230 424 285 w.
472 222 592 285 ΔΗΜ
599 222 779 285 ΟΣΘΕΝ
784 222 889 284 01³2

162 390 282 473 λέμου,
301 383 423 454 οὐδένα
440 393 509 452 των
521 384 687 470 Ἑλλήνων
698 382 838 452 ἀδικοῦν
853 382 933 452 οὑδὲ
947 390 1018 450 τῶν
1031 401 1119 467 συμ-

163 485 293 572 μάχων,
324 480 397 550 ὥστ’
421 487 507 568 ἔχειν
521 481 649 570 μισθόν
674 486 796 569 ἐντελῆ.
840 480 914 567 [ἐγώ
938 486 1118 567 συμπλέων

163 579 342 667 ἐθελοντὴς
358 581 497 666 πάσχειν
509 579 624 649 ὁτιοῦν
640 582 783 667 ἕτοιμος,
803 580 862 648 ἐάν
877 579 921 667 μὴ
939 577 1036 647 ταῦθ’
1056 577 1118 646 οὑ-

163 708 227 759 τως
239 685 317 768 ἔχη]
346 681 455 748 πόθεν
464 674 528 747 οὑν
547 678 564 747 ὁ
584 682 687 765 πόρος
703 688 773 747 των
793 681 986 766 χρημάτων,
1006 677 1116 761 ὑπαά

165 777 261 866 ὑμῶν
278 778 404 845 αελεόω
411 781 579 864 γενέσθαι,
596 775 681 845 τοῦτ’
696 777 759 864 ἤδη
771 784 861 858 λέξω.

422 884 575 944 ΠΟΡΟῬ
593 883 857 953 ΑΠΟΔΕΙΞΙΣ.

120 1004 158 1057 30
243 973 282 1039 “A
299 966 434 1061 μὲνοῦν
447 972 550 1061 ἡμεῖς,
568 968 728 1056 άάνδρες
741 973 922 1061 Ἀθηναῖοι,
935 973 1121 1060 δεδυνήμε-

165 1085 214 1142 θα
231 1072 352 1160 εὑρεῖν,
363 1072 451 1140 ταῦτ’
466 1078 562 1140 ἐστίν.
587 1071 721 1140 ἐπειδάν
737 1071 770 1139 δ’
783 1076 1044 1158 ἐπιχειροτονῆτε
1062 1071 1121 1151 τὰς

165 1172 308 1259 γνώμας,
325 1168 368 1239 άν
378 1169 456 1257 ὑμίν
468 1171 603 1261 ἀρέσκῃ,
618 1171 873 1258 χειροτονήσετε,
884 1176 940 1238 ἵνα
951 1169 995 1255 μὴ
1014 1171 1123 1255 μόνον

104 1324 109 1331 .
166 1275 202 1339 ἐν
214 1286 281 1349 τοῖς
292 1278 480 1357 ψηφίσμασι
490 1270 556 1338 κάν
566 1276 1123 1356 ταῐςὲπιστολαϊςπολεμῆτεΦιλίπ-

109 1446 112 1451 ,
166 1394 228 1460 πῳ,
241 1366 324 1437 ἀλλὰ
335 1371 389 1436 παὶ
405 1384 472 1447 τοῖς
488 1374 604 1455 ἔργοις.

121 1495 158 1549 31
250 1478 388 1538 Δοκεῖτε
400 1474 439 1536 δέ
447 1494 503 1555 μοι
514 1469 600 1536 πολὺ
614 1472 747 1555 βέλτιον
758 1465 801 1535 άν
817 1469 890 1555 περὶ
900 1475 962 1534 τοῦ
974 1470 1122 1553 πολέμου

166 1571 221 1636 καὶ
233 1566 311 1654 ὑλης
322 1574 379 1655 τῆς
391 1574 602 1654 παρασκευῆς
615 1568 877 1652 βουλεύσασθαι,
896 1572 927 1632 εί
935 1565 995 1632 τὸν
1004 1565 1121 1647 τόπον,

167 1661 195 1734 ά
206 1665 325 1751 ἄνδρες
332 1663 513 1751 Ἀθηναῖοι,
521 1674 578 1751 τῆς
588 1667 708 1750 χωρας,
723 1664 806 1750 πρὸς
816 1662 860 1750 ἣν
871 1673 1052 1749 πολεμεῖτε,
1066 1668 1122 1732 ἐν·

166 1770 383 1851 θυμηθείητε,
396 1766 451 1831 παὶ
459 1771 653 1849 λογίσαισθε
668 1763 719 1830 ότι
731 1778 800 1840 τοῖς
807 1763 972 1847 πνεύμασι
984 1764 1041 1829 καὶ
1051 1777 1123 1840 ταῖς

168 1862 268 1947 ὥραις
283 1871 346 1930 τοῦ
360 1869 453 1941 ἔτους
464 1861 505 1929 τά
516 1860 622 1930 πολλά
633 1862 879 1949 προλαμβάνων
891 1860 1123 1943 διαπράττεται

168 1967 328 2038 Φίλιππος
340 1962 394 2028 καὶ
406 1962 554 2045 φυλάξας
563 1961 643 2040 τοὺς
654 1964 781 2045 ἐτησίας
792 1956 815 2045 ἢ
825 1957 885 2026 τόν
894 1966 1039 2045 χειμῶνα
1051 1961 1125 2025 ἐπι-

166 2073 274 2144 χειρεῖ,
290 2057 377 2145 ἡνίκ’
392 2054 435 2125 άν
446 2056 538 2145 ἡμεῖς
549 2057 592 2144 μὴ
610 2064 798 2144 δυναίμεθα
814 2062 917 2124 ίαεῑσε
929 2054 1120 2140 ἀφικέσθαι.

121 2162 221 2233 32θεῖ
237 2164 353 2224 τοίνυν
368 2156 457 2224 ταῦτ’
476 2161 751 2244 ἐνθυμουμένους
774 2156 818 2242 μὴ
835 2164 1007 2243 βοηθείαις
1021 2164 1123 2222 πολε-

167 2271 251 2341 μεῖν,
259 2253 477 2342 ὑστεριοῦμεν
488 2255 552 2345 γάρ
563 2255 731 2341 ἁπάντων,
741 2254 823 2324 άλλδι
835 2262 1030 2342 παρασκευῇ
1036 2276 1122 2320 συν-
1131 2268 1160 2324 4Ε

167 2371 235 2442 εχεῖ
252 2357 307 2423 καὶ
319 2357 468 2442 δυνάμει.
501 2355 642 2441 ὑπάρχει
655 2355 685 2422 δ’
704 2354 785 2441 ὑμῖν
795 2359 950 2441 χειμαδίῳ
962 2357 1023 2437 μὲν
1039 2361 1122 2438 χρῆ-

166 2464 248 2522 σθαι
258 2463 299 2543 τῇ
312 2456 452 2541 δυνάμει
459 2457 583 2544 Λήμνῳ
595 2458 650 2524 παλ
660 2457 758 2543 Θάσῳ
771 2457 825 2522 καὶ
832 2453 973 2541 Σκιάθῳ
985 2454 1042 2519 καὶ
1053 2465 1122 2528 ταῖς

167 2557 203 2620 ἐν
214 2556 321 2640 τούτῳ
332 2563 378 2644 τῷ
390 2553 480 2640 τόπῳ
493 2555 622 2639 νήσοις,
646 2558 683 2621 ἐν
694 2550 746 2631 αἷς
756 2559 810 2621 καὶ
825 2557 954 2637 λιμένες
965 2552 1020 2616 καὶ
1032 2564 1121 2627 σλτος

167 2654 221 2717 παὶ
239 2650 261 2716 δι’
276 2652 337 2736 χρὴ
358 2651 576 2736 στρατεύματι
593 2650 696 2718 πάνθ’
714 2650 869 2739 ὑπάρχει·
902 2650 965 2736 τὴν
983 2646 1014 2741 δ’
1029 2648 1122 2735 ὥραν
1153 2679 1160 2691 ·

166 2758 228 2816 τοῦ
244 2754 354 2832 ἔτους,
373 2749 428 2816 ὅτε
448 2754 503 2816 καὶ
514 2751 598 2833 πρός
611 2756 650 2838 τῇ
662 2758 706 2837 χῇ
716 2753 873 2834 γενέσθαι
889 2751 1006 2836 ῥηίδιον
1017 2749 1073 2814 καὶ
1083 2747 1121 2814 τό

165 2854 234 2913 τῶν
244 2847 445 2930 πνευμάτων
456 2845 612 2933 άσῳαλὲς,
625 2847 708 2931 πρὸς
720 2848 805 2935 αὑτῇ
815 2857 856 2934 τῇ
866 2848 958 2933 χώρῳ
971 2843 1123 2930 καὶπρὸς

165 2960 232 3022 τοῖς
243 2954 310 3012 τῶν
321 2949 488 3031 ἐμπορίων
498 2947 636 3032 στόμασι
648 2951 769 3035 ῥηιδίως
780 2945 920 3016 εἴσεσθε.

123 3067 158 3122 33
243 3041 282 3111 “A
288 3046 350 3131 μὲν
360 3040 423 3112 οὑν
430 3047 585 3133 χρήσεται
597 3049 741 3116 ααδπότε
753 3056 794 3134 τῇ
803 3048 954 3132 δυνάμει,
963 3041 1053 3129 παρὰ
1062 3040 1123 3109 τδν

166 3142 287 3229 καιρὸν
302 3142 320 3212 ὁ
338 3146 471 3213 τούτων
486 3146 602 3231 πόριος
618 3146 781 3224 καταστάς
798 3143 856 3231 ὑφ’
868 3143 966 3230 ὑμῶν
977 3141 1123 3228 βουλεύ-

167 3264 272 3312 σεται·
285 3240 306 3309 ά
318 3240 349 3309 δ’
363 3241 505 3326 ὑπάρξαι
517 3250 570 3312 δεῖ
576 3243 648 3330 παρ’
661 3243 768 3330 ὑμῶν,
781 3241 871 3311 ταῦτ’
882 3244 972 3310 ἐστὶν
983 3237 1055 3325 άχώ
1067 3241 1125 3325 με’-

167 3370 290 3430 χραῳα.
325 3338 367 3409 άν
386 3352 506 3426 ταῦτα,
531 3338 557 3411 ιὺ
576 3344 695 3426 ἄνδρες
709 3341 880 3428 Ἀθηναῖοι
887 3392 896 3424 ,
913 3345 1071 3423 πορίσητε
1083 3336 1123 3403 τά

167 3443 317 3531 χρήματα
332 3440 467 3528 πρῶτον
485 3438 621 3528 άλέγω,
641 3442 709 3509 εἶτα
720 3444 775 3509 καὶ
791 3440 894 3518 τάλλα
905 3435 1126 3523 παρασκευαὶ·
