<?xml version="1.0" encoding="UTF-8"?>
<!DOCTYPE html PUBLIC "-//W3C//DTD XHTML 1.0 Transitional//EN"
    "http://www.w3.org/TR/xhtml1/DTD/xhtml1-transitional.dtd">
<html xmlns="http://www.w3.org/1999/xhtml" xml:lang="en" lang="en">
 <head>
  <title>
</title>
<meta http-equiv="Content-Type" content="text/html;charset=utf-8" />
  <meta name='ocr-system' content='tesseract 3.04.00' />
  <meta name='ocr-capabilities' content='ocr_page ocr_carea ocr_par ocr_line ocrx_word'/>
</head>
<body>
  <div class='ocr_page' id='page_1' title='image "./orationesexrece03demogoog_0356.png"; bbox 0 0 2340 3894; ppageno 0'>
   <div class='ocr_carea' id='block_1_1' title="bbox 229 207 1052 280">
    <p class='ocr_par' dir='ltr' id='par_1_1' title="bbox 229 207 1052 280">
     <span class='ocr_line' id='line_1_1' title="bbox 229 207 1052 280; baseline 0.004 -8"><span class='ocrx_word' id='word_1_1' title='bbox 229 210 338 272; x_wconf 72' lang='grc' dir='ltr'><em>ΠΕΡΙ</em></span> <span class='ocrx_word' id='word_1_2' title='bbox 358 207 456 271; x_wconf 73' lang='grc' dir='ltr'><strong><em>ΤΩΝ</em></strong></span> <span class='ocrx_word' id='word_1_3' title='bbox 472 207 594 271; x_wconf 86' lang='grc' dir='ltr'><em>ΠΡΟΣ</em></span> <span class='ocrx_word' id='word_1_4' title='bbox 612 207 924 280; x_wconf 57' lang='grc' dir='ltr'><em>ΑΔΕΞΑΝΔΡΟΝ.</em></span> <span class='ocrx_word' id='word_1_5' title='bbox 987 209 1052 275; x_wconf 73' lang='grc'><strong><em>180</em></strong></span> 
     </span>
    </p>
   </div>
   <div class='ocr_carea' id='block_1_2' title="bbox 56 363 1122 2700">
    <p class='ocr_par' dir='ltr' id='par_1_2' title="bbox 98 363 1122 748">
     <span class='ocr_line' id='line_1_2' title="bbox 104 363 1051 456; baseline 0.003 -20"><span class='ocrx_word' id='word_1_6' title='bbox 104 371 346 456; x_wconf 76' lang='grc' dir='ltr'><strong><em>καθισταμένῃ,</em></strong></span> <span class='ocrx_word' id='word_1_7' title='bbox 362 363 433 435; x_wconf 81' lang='grc' dir='ltr'><strong><em>’ἀλλ’</em></strong></span> <span class='ocrx_word' id='word_1_8' title='bbox 447 363 551 455; x_wconf 72' lang='grc' dir='ltr'><strong><em>ᾤοντο</em></strong></span> <span class='ocrx_word' id='word_1_9' title='bbox 569 364 636 450; x_wconf 78' lang='grc' dir='ltr'><strong><em>ἅμα</em></strong></span> <span class='ocrx_word' id='word_1_10' title='bbox 652 392 689 434; x_wconf 91' lang='grc' dir='ltr'><strong><em>τε</em></strong></span> <span class='ocrx_word' id='word_1_11' title='bbox 705 370 977 454; x_wconf 74' lang='grc' dir='ltr'><strong><em>ναυπηγήσεσθαι</em></strong></span> <span class='ocrx_word' id='word_1_12' title='bbox 993 371 1051 439; x_wconf 79' lang='grc' dir='ltr'><strong><em>έν-</em></strong></span> 
     </span>
     <span class='ocr_line' id='line_1_3' title="bbox 98 465 1049 556; baseline 0.003 -24"><span class='ocrx_word' id='word_1_13' title='bbox 98 467 282 533; x_wconf 81' lang='grc' dir='ltr'><strong><em>’ταῦθακαὶ</em></strong></span> <span class='ocrx_word' id='word_1_14' title='bbox 293 465 529 551; x_wconf 75' lang='grc' dir='ltr'><strong><em>πληρώσεσθαι</em></strong></span> <span class='ocrx_word' id='word_1_15' title='bbox 539 466 632 553; x_wconf 75' lang='grc' dir='ltr'><strong><em>ἐντῷ</em></strong></span> <span class='ocrx_word' id='word_1_16' title='bbox 647 470 752 550; x_wconf 78' lang='grc' dir='ltr'><strong><em>λιμένι</em></strong></span> <span class='ocrx_word' id='word_1_17' title='bbox 763 474 809 552; x_wconf 79' lang='grc' dir='ltr'><strong><em>τῷ</em></strong></span> <span class='ocrx_word' id='word_1_18' title='bbox 819 469 995 556; x_wconf 77' lang='grc' dir='ltr'><strong><em>εἰρημένῳ,</em></strong></span> <span class='ocrx_word' id='word_1_19' title='bbox 1013 472 1049 535; x_wconf 87' lang='grc' dir='ltr'><strong><em>έν</em></strong></span> 
     </span>
     <span class='ocr_line' id='line_1_4' title="bbox 105 563 1122 650; baseline 0.004 -19"><span class='ocrx_word' id='word_1_20' title='bbox 105 579 176 642; x_wconf 82' lang='grc' dir='ltr'><strong><em>ταῖς</em></strong></span> <span class='ocrx_word' id='word_1_21' title='bbox 190 579 316 644; x_wconf 77' lang='grc' dir='ltr'><strong><em>κοιναῖς</em></strong></span> <span class='ocrx_word' id='word_1_22' title='bbox 338 563 524 649; x_wconf 76' lang='grc' dir='ltr'><strong><em>ὁμολογίαις</em></strong></span> <span class='ocrx_word' id='word_1_23' title='bbox 547 567 753 648; x_wconf 75' lang='grc' dir='ltr'><strong><em>διειρημένον</em></strong></span> <span class='ocrx_word' id='word_1_24' title='bbox 774 564 877 650; x_wconf 78' lang='grc' dir='ltr'><strong><em>μηδὲν</em></strong></span> <span class='ocrx_word' id='word_1_25' title='bbox 897 572 1049 635; x_wconf 78' lang='grc' dir='ltr'><strong><em>τοιοῦτον</em></strong></span> <span class='ocrx_word' id='word_1_26' title='bbox 1116 614 1122 623; x_wconf 36' lang='lat'>³</span> 
     </span>
     <span class='ocr_line' id='line_1_5' title="bbox 105 659 1051 748; baseline -0.004 -17"><span class='ocrx_word' id='word_1_27' title='bbox 105 663 327 748; x_wconf 75' lang='grc' dir='ltr'><strong><em>εἰσδέχεσθαι,</em></strong></span> <span class='ocrx_word' id='word_1_28' title='bbox 355 662 523 730; x_wconf 69' lang='grc' dir='ltr'><strong><em>καὶτοῦτο</em></strong></span> <span class='ocrx_word' id='word_1_29' title='bbox 540 663 709 740; x_wconf 82' lang='grc' dir='ltr'><strong><em>ἐξέσεσθαι</em></strong></span> <span class='ocrx_word' id='word_1_30' title='bbox 724 661 776 728; x_wconf 79' lang='grc' dir='ltr'><strong><em>έπὶ</em></strong></span> <span class='ocrx_word' id='word_1_31' title='bbox 791 663 893 728; x_wconf 82' lang='grc' dir='ltr'><strong><em>πλέον</em></strong></span> <span class='ocrx_word' id='word_1_32' title='bbox 914 659 964 728; x_wconf 76' lang='grc' dir='ltr'><strong><em>ἀεὶ</em></strong></span> <span class='ocrx_word' id='word_1_33' title='bbox 975 684 1051 730; x_wconf 89' lang='grc' dir='ltr'><strong><em>ποι-</em></strong></span> 
     </span>
    </p>

    <p class='ocr_par' dir='ltr' id='par_1_3' title="bbox 56 758 1052 1141">
     <span class='ocr_line' id='line_1_6' title="bbox 56 758 1050 850; baseline 0 -22"><span class='ocrx_word' id='word_1_34' title='bbox 56 771 93 828; x_wconf 69' lang='lat'><strong><em>29</em></strong></span> <span class='ocrx_word' id='word_1_35' title='bbox 104 774 173 828; x_wconf 87' lang='grc' dir='ltr'><strong><em>εῖν·</em></strong></span> <span class='ocrx_word' id='word_1_36' title='bbox 195 758 285 827; x_wconf 79' lang='grc' dir='ltr'><strong><em>οὕτω</em></strong></span> <span class='ocrx_word' id='word_1_37' title='bbox 302 758 512 843; x_wconf 79' lang='grc' dir='ltr'><strong><em>πανταχόθεν</em></strong></span> <span class='ocrx_word' id='word_1_38' title='bbox 527 758 865 844; x_wconf 77' lang='grc' dir='ltr'><strong><em>καταπεφρονηκότως</em></strong></span> <span class='ocrx_word' id='word_1_39' title='bbox 881 763 999 828; x_wconf 81' lang='grc' dir='ltr'><strong><em>ἐκεῖνοι</em></strong></span> <span class='ocrx_word' id='word_1_40' title='bbox 1009 769 1050 850; x_wconf 80' lang='grc' dir='ltr'><strong><em>τῇ</em></strong></span> 
     </span>
     <span class='ocr_line' id='line_1_7' title="bbox 105 854 1049 941; baseline 0.002 -16"><span class='ocrx_word' id='word_1_41' title='bbox 105 854 1049 941; x_wconf 77' lang='grc' dir='ltr'><strong><em>πόλειχρώνταιδιόιτοδςέυτεῦθενδιδασκόλουςτούςόπ-</em></strong></span> 
     </span>
     <span class='ocr_line' id='line_1_8' title="bbox 105 951 1051 1041; baseline 0.001 -17"><span class='ocrx_word' id='word_1_42' title='bbox 105 951 477 1040; x_wconf 75' lang='grc' dir='ltr'><strong><em>αγορεύονταςαύτοῖςᾶ</em></strong></span> <span class='ocrx_word' id='word_1_43' title='bbox 488 959 660 1022; x_wconf 83' lang='grc' dir='ltr'><strong><em>δεῖποιεῖν.</em></strong></span> <span class='ocrx_word' id='word_1_44' title='bbox 682 953 771 1022; x_wconf 84' lang='grc' dir='ltr'><strong><em>οὕτω</em></strong></span> <span class='ocrx_word' id='word_1_45' title='bbox 782 954 817 1022; x_wconf 67' lang='grc' dir='ltr'><strong><em>δέ</em></strong></span> <span class='ocrx_word' id='word_1_46' title='bbox 826 956 1051 1041; x_wconf 75' lang='grc' dir='ltr'><strong><em>κατεγνώκασι</em></strong></span> 
     </span>
     <span class='ocr_line' id='line_1_9' title="bbox 105 1050 1052 1141; baseline 0.002 -20"><span class='ocrx_word' id='word_1_47' title='bbox 105 1050 188 1141; x_wconf 77' lang='grc' dir='ltr'><strong><em>μετὰ</em></strong></span> <span class='ocrx_word' id='word_1_48' title='bbox 204 1052 334 1123; x_wconf 81' lang='grc' dir='ltr'><strong><em>τούτων</em></strong></span> <span class='ocrx_word' id='word_1_49' title='bbox 350 1050 527 1138; x_wconf 77' lang='grc' dir='ltr'><strong><em>ἀδιήγητόν</em></strong></span> <span class='ocrx_word' id='word_1_50' title='bbox 542 1078 616 1118; x_wconf 90' lang='grc' dir='ltr'><strong><em>τινα</em></strong></span> <span class='ocrx_word' id='word_1_51' title='bbox 635 1059 693 1138; x_wconf 81' lang='grc' dir='ltr'><strong><em>τῆς</em></strong></span> <span class='ocrx_word' id='word_1_52' title='bbox 709 1052 835 1132; x_wconf 88' lang='grc' dir='ltr'><strong><em>πόλεως</em></strong></span> <span class='ocrx_word' id='word_1_53' title='bbox 851 1057 983 1121; x_wconf 76' lang='grc' dir='ltr'><strong><em>ἔκλυσιν</em></strong></span> <span class='ocrx_word' id='word_1_54' title='bbox 997 1058 1052 1123; x_wconf 82' lang='grc' dir='ltr'><strong><em>καί</em></strong></span> 
     </span>
    </p>

    <p class='ocr_par' dir='ltr' id='par_1_4' title="bbox 58 1147 1115 1333">
     <span class='ocr_line' id='line_1_10' title="bbox 58 1147 1115 1242; baseline 0.004 -28"><span class='ocrx_word' id='word_1_55' title='bbox 58 1206 62 1214; x_wconf 93' lang='grc'>.</span> <span class='ocrx_word' id='word_1_56' title='bbox 105 1156 287 1238; x_wconf 89' lang='grc' dir='ltr'><strong><em>μαλακίοιυ,</em></strong></span> <span class='ocrx_word' id='word_1_57' title='bbox 304 1151 360 1217; x_wconf 77' lang='grc' dir='ltr'><strong><em>καί</em></strong></span> <span class='ocrx_word' id='word_1_58' title='bbox 370 1147 446 1216; x_wconf 73' lang='grc' dir='ltr'><strong><em>οὔτε</em></strong></span> <span class='ocrx_word' id='word_1_59' title='bbox 464 1150 624 1242; x_wconf 85' lang='grc' dir='ltr'><strong><em>πρόνοιαν</em></strong></span> <span class='ocrx_word' id='word_1_60' title='bbox 634 1153 708 1233; x_wconf 82' lang='grc' dir='ltr'><strong><em>περί</em></strong></span> <span class='ocrx_word' id='word_1_61' title='bbox 721 1158 789 1218; x_wconf 74' lang='grc' dir='ltr'><strong><em>τοῖν</em></strong></span> <span class='ocrx_word' id='word_1_62' title='bbox 805 1151 993 1238; x_wconf 86' lang='grc' dir='ltr'><strong><em>μελλόντων</em></strong></span> <span class='ocrx_word' id='word_1_63' title='bbox 1005 1152 1052 1221; x_wconf 82' lang='grc' dir='ltr'><strong><em>εί-</em></strong></span> <span class='ocrx_word' id='word_1_64' title='bbox 1059 1167 1115 1219; x_wconf 76' lang='lat'><strong><em>220</em></strong></span> 
     </span>
     <span class='ocr_line' id='line_1_11' title="bbox 105 1244 1050 1333; baseline 0 -17"><span class='ocrx_word' id='word_1_65' title='bbox 105 1276 180 1332; x_wconf 87' lang='grc' dir='ltr'><strong><em>ναι,</em></strong></span> <span class='ocrx_word' id='word_1_66' title='bbox 202 1247 279 1316; x_wconf 80' lang='grc' dir='ltr'><strong><em>οὔτε</em></strong></span> <span class='ocrx_word' id='word_1_67' title='bbox 294 1244 454 1332; x_wconf 83' lang='grc' dir='ltr'><strong><em>λογισμὸν</em></strong></span> <span class='ocrx_word' id='word_1_68' title='bbox 470 1244 591 1315; x_wconf 83' lang='grc' dir='ltr'><strong><em>οὐδένα</em></strong></span> <span class='ocrx_word' id='word_1_69' title='bbox 607 1255 871 1333; x_wconf 77' lang='grc' dir='ltr'><strong><em>παραγίγνεσθαι</em></strong></span> <span class='ocrx_word' id='word_1_70' title='bbox 886 1246 959 1316; x_wconf 89' lang='grc' dir='ltr'><strong><em>τίνα</em></strong></span> <span class='ocrx_word' id='word_1_71' title='bbox 970 1249 1050 1332; x_wconf 88' lang='grc' dir='ltr'><strong><em>τρό-</em></strong></span> 
     </span>
    </p>

    <p class='ocr_par' dir='ltr' id='par_1_5' title="bbox 56 1342 1052 2700">
     <span class='ocr_line' id='line_1_12' title="bbox 56 1342 1050 1433; baseline 0 -19"><span class='ocrx_word' id='word_1_72' title='bbox 56 1369 94 1423; x_wconf 76' lang='lat'><strong><em>30</em></strong></span> <span class='ocrx_word' id='word_1_73' title='bbox 106 1369 173 1414; x_wconf 84' lang='grc' dir='ltr'><strong><em>πον</em></strong></span> <span class='ocrx_word' id='word_1_74' title='bbox 189 1353 305 1430; x_wconf 77' lang='grc' dir='ltr'><strong><em>χρῆται</em></strong></span> <span class='ocrx_word' id='word_1_75' title='bbox 320 1342 339 1411; x_wconf 87' lang='grc' dir='ltr'>ὁ</span> <span class='ocrx_word' id='word_1_76' title='bbox 356 1345 520 1431; x_wconf 83' lang='grc' dir='ltr'><strong><em>τύραννος</em></strong></span> <span class='ocrx_word' id='word_1_77' title='bbox 535 1359 604 1423; x_wconf 87' lang='grc' dir='ltr'><strong><em>ταῖς</em></strong></span> <span class='ocrx_word' id='word_1_78' title='bbox 624 1357 750 1433; x_wconf 58' lang='grc' dir='ltr'><strong><em>κοιναῖς</em></strong></span> <span class='ocrx_word' id='word_1_79' title='bbox 765 1342 959 1429; x_wconf 84' lang='grc' dir='ltr'><strong><em>ὁμολογίαις.</em></strong></span> <span class='ocrx_word' id='word_1_80' title='bbox 998 1343 1050 1425; x_wconf 82' lang='grc' dir='ltr'><strong><em>αἷς</em></strong></span> 
     </span>
     <span class='ocr_line' id='line_1_13' title="bbox 105 1433 1050 1528; baseline -0.001 -17"><span class='ocrx_word' id='word_1_81' title='bbox 105 1441 172 1527; x_wconf 73' lang='grc' dir='ltr'><strong><em>ἐγώ</em></strong></span> <span class='ocrx_word' id='word_1_82' title='bbox 184 1440 423 1528; x_wconf 78' lang='grc' dir='ltr'><strong><em>διακελεύομαι,</em></strong></span> <span class='ocrx_word' id='word_1_83' title='bbox 437 1433 464 1509; x_wconf 71' lang='grc' dir='ltr'><strong><em>οἷ</em></strong></span> <span class='ocrx_word' id='word_1_84' title='bbox 474 1440 592 1528; x_wconf 76' lang='grc' dir='ltr'><strong><em>ἄνδρες</em></strong></span> <span class='ocrx_word' id='word_1_85' title='bbox 600 1443 777 1527; x_wconf 81' lang='grc' dir='ltr'><strong><em>Ἀθηναῖοι,</em></strong></span> <span class='ocrx_word' id='word_1_86' title='bbox 789 1449 976 1526; x_wconf 84' lang='grc' dir='ltr'><strong><em>πείθεσθαι,</em></strong></span> <span class='ocrx_word' id='word_1_87' title='bbox 988 1470 1050 1511; x_wconf 89' lang='grc' dir='ltr'><strong><em>κα-</em></strong></span> 
     </span>
     <span class='ocr_line' id='line_1_14' title="bbox 104 1535 1050 1628; baseline 0 -19"><span class='ocrx_word' id='word_1_88' title='bbox 104 1540 217 1626; x_wconf 75' lang='grc' dir='ltr'><strong><em>θάπερ</em></strong></span> <span class='ocrx_word' id='word_1_89' title='bbox 227 1542 367 1626; x_wconf 79' lang='grc' dir='ltr'><strong><em>ἐδίδαξα,</em></strong></span> <span class='ocrx_word' id='word_1_90' title='bbox 379 1543 432 1608; x_wconf 82' lang='grc' dir='ltr'><strong><em>καί</em></strong></span> <span class='ocrx_word' id='word_1_91' title='bbox 444 1545 741 1627; x_wconf 81' lang='grc' dir='ltr'><strong><em>διαβεβαιωσαίμην</em></strong></span> <span class='ocrx_word' id='word_1_92' title='bbox 751 1535 803 1622; x_wconf 79' lang='grc' dir='ltr'><strong><em>όν,</em></strong></span> <span class='ocrx_word' id='word_1_93' title='bbox 818 1536 860 1618; x_wconf 78' lang='grc' dir='ltr'><strong><em>ὡς</em></strong></span> <span class='ocrx_word' id='word_1_94' title='bbox 871 1537 963 1607; x_wconf 82' lang='grc' dir='ltr'><strong><em>τοῦθ’</em></strong></span> <span class='ocrx_word' id='word_1_95' title='bbox 976 1538 1050 1628; x_wconf 80' lang='grc' dir='ltr'><strong><em>ἡλι-</em></strong></span> 
     </span>
     <span class='ocr_line' id='line_1_15' title="bbox 103 1633 1050 1725; baseline -0.001 -19"><span class='ocrx_word' id='word_1_96' title='bbox 103 1643 179 1718; x_wconf 85' lang='grc' dir='ltr'><strong><em>κίας</em></strong></span> <span class='ocrx_word' id='word_1_97' title='bbox 194 1642 287 1725; x_wconf 82' lang='grc' dir='ltr'><strong><em>ἔχων,</em></strong></span> <span class='ocrx_word' id='word_1_98' title='bbox 295 1637 362 1723; x_wconf 78' lang='grc' dir='ltr'><strong><em>ἅμα</em></strong></span> <span class='ocrx_word' id='word_1_99' title='bbox 373 1640 480 1723; x_wconf 75' lang='grc' dir='ltr'><strong><em>καὶτῷ</em></strong></span> <span class='ocrx_word' id='word_1_100' title='bbox 491 1642 603 1725; x_wconf 80' lang='grc' dir='ltr'><strong><em>δικαίῳ</em></strong></span> <span class='ocrx_word' id='word_1_101' title='bbox 614 1635 699 1723; x_wconf 80' lang='grc' dir='ltr'><strong><em>ἡμᾶς</em></strong></span> <span class='ocrx_word' id='word_1_102' title='bbox 705 1633 911 1722; x_wconf 78' lang='grc' dir='ltr'><strong><em>ἀνεγκλήτως</em></strong></span> <span class='ocrx_word' id='word_1_103' title='bbox 918 1639 974 1705; x_wconf 79' lang='grc' dir='ltr'><strong><em>καὶ</em></strong></span> <span class='ocrx_word' id='word_1_104' title='bbox 982 1652 1050 1717; x_wconf 87' lang='grc' dir='ltr'><strong><em>τοῖς</em></strong></span> 
     </span>
     <span class='ocr_line' id='line_1_16' title="bbox 104 1731 1050 1831; baseline 0.003 -29"><span class='ocrx_word' id='word_1_105' title='bbox 104 1751 233 1820; x_wconf 83' lang='grc' dir='ltr'><strong><em>καιροῖς</em></strong></span> <span class='ocrx_word' id='word_1_106' title='bbox 245 1733 473 1822; x_wconf 76' lang='grc' dir='ltr'><strong><em>ἀσφαλέστατα</em></strong></span> <span class='ocrx_word' id='word_1_107' title='bbox 489 1736 673 1822; x_wconf 80' lang='grc' dir='ltr'><strong><em>χρήσεσθαι</em></strong></span> <span class='ocrx_word' id='word_1_108' title='bbox 684 1749 751 1813; x_wconf 82' lang='grc' dir='ltr'><strong><em>τοῖς</em></strong></span> <span class='ocrx_word' id='word_1_109' title='bbox 761 1737 814 1803; x_wconf 76' lang='grc' dir='ltr'><strong><em>ἐπὶ</em></strong></span> <span class='ocrx_word' id='word_1_110' title='bbox 829 1731 866 1802; x_wconf 86' lang='grc' dir='ltr'><strong><em>τό</em></strong></span> <span class='ocrx_word' id='word_1_111' title='bbox 878 1738 1050 1831; x_wconf 73' lang='grc' dir='ltr'><strong><em>συμφέρον</em></strong></span> 
     </span>
     <span class='ocr_line' id='line_1_17' title="bbox 102 1832 1049 1922; baseline -0.003 -19"><span class='ocrx_word' id='word_1_112' title='bbox 102 1839 369 1919; x_wconf 83' lang='grc' dir='ltr'><strong><em>κατεπείγουσιν.</em></strong></span> <span class='ocrx_word' id='word_1_113' title='bbox 384 1833 509 1922; x_wconf 80' lang='grc' dir='ltr'><strong><em>καὶγὰρ</em></strong></span> <span class='ocrx_word' id='word_1_114' title='bbox 517 1840 564 1902; x_wconf 74' lang='grc' dir='ltr'><strong><em>ἔτι</em></strong></span> <span class='ocrx_word' id='word_1_115' title='bbox 571 1837 911 1920; x_wconf 84' lang='grc' dir='ltr'><strong><em>προσγέγραπταιταῖς</em></strong></span> <span class='ocrx_word' id='word_1_116' title='bbox 918 1832 1049 1917; x_wconf 79' lang='grc' dir='ltr'><strong><em>συνθή-</em></strong></span> 
     </span>
     <span class='ocr_line' id='line_1_18' title="bbox 102 1928 1049 2021; baseline -0.003 -20"><span class='ocrx_word' id='word_1_117' title='bbox 102 1958 195 2019; x_wconf 84' lang='grc' dir='ltr'><strong><em>καις,</em></strong></span> <span class='ocrx_word' id='word_1_118' title='bbox 212 1931 272 2000; x_wconf 74' lang='grc' dir='ltr'><strong><em>ἐὰν</em></strong></span> <span class='ocrx_word' id='word_1_119' title='bbox 282 1932 485 2021; x_wconf 78' lang='grc' dir='ltr'><strong><em>βουλοίμεθα</em></strong></span> <span class='ocrx_word' id='word_1_120' title='bbox 494 1940 553 2019; x_wconf 77' lang='grc' dir='ltr'><strong><em>τῆς</em></strong></span> <span class='ocrx_word' id='word_1_121' title='bbox 563 1939 678 2018; x_wconf 81' lang='grc' dir='ltr'><strong><em>κοινῆς</em></strong></span> <span class='ocrx_word' id='word_1_122' title='bbox 689 1932 821 2020; x_wconf 80' lang='grc' dir='ltr'><strong><em>είρηνης</em></strong></span> <span class='ocrx_word' id='word_1_123' title='bbox 831 1935 995 2020; x_wconf 89' lang='grc' dir='ltr'><strong><em>μετέχειν·</em></strong></span> <span class='ocrx_word' id='word_1_124' title='bbox 1011 1928 1049 1999; x_wconf 86' lang='grc' dir='ltr'><strong><em>τὸ</em></strong></span> 
     </span>
     <span class='ocr_line' id='line_1_19' title="bbox 101 2026 1052 2116; baseline -0.002 -19"><span class='ocrx_word' id='word_1_125' title='bbox 101 2026 135 2097; x_wconf 83' lang='grc' dir='ltr'><strong><em>δ’</em></strong></span> <span class='ocrx_word' id='word_1_126' title='bbox 156 2026 239 2097; x_wconf 87' lang='grc' dir='ltr'><strong><em>έαν</em></strong></span> <span class='ocrx_word' id='word_1_127' title='bbox 250 2028 468 2116; x_wconf 89' lang='grc' dir='ltr'><strong><em>βουλωμεθα</em></strong></span> <span class='ocrx_word' id='word_1_128' title='bbox 482 2027 605 2098; x_wconf 80' lang='grc' dir='ltr'><strong><em>ἐστὶν</em></strong></span> <span class='ocrx_word' id='word_1_129' title='bbox 582 2056 649 2115; x_wconf 92' lang='grc' dir='ltr'><strong><em>αμα</em></strong></span> <span class='ocrx_word' id='word_1_130' title='bbox 661 2032 715 2097; x_wconf 80' lang='grc' dir='ltr'><strong><em>καί</em></strong></span> <span class='ocrx_word' id='word_1_131' title='bbox 725 2027 962 2116; x_wconf 87' lang='grc' dir='ltr'><strong><em>τουυαντίον,</em></strong></span> <span class='ocrx_word' id='word_1_132' title='bbox 948 2027 1052 2113; x_wconf 89' lang='grc' dir='ltr'><strong><em>είαρα</em></strong></span> 
     </span>
     <span class='ocr_line' id='line_1_20' title="bbox 94 2118 1046 2209; baseline 0.003 -20"><span class='ocrx_word' id='word_1_133' title='bbox 94 2121 183 2199; x_wconf 70' lang='grc' dir='ltr'><strong><em>ποτέ</em></strong></span> <span class='ocrx_word' id='word_1_134' title='bbox 194 2118 302 2187; x_wconf 88' lang='grc' dir='ltr'><strong><em>δεῖ</em></strong></span> <span class='ocrx_word' id='word_1_135' title='bbox 261 2146 304 2206; x_wconf 89' lang='grc' dir='ltr'><strong><em>μη</em></strong></span> <span class='ocrx_word' id='word_1_136' title='bbox 317 2122 512 2191; x_wconf 84' lang='grc' dir='ltr'><strong><em>παύσασθαι</em></strong></span> <span class='ocrx_word' id='word_1_137' title='bbox 527 2150 547 2190; x_wconf 95' lang='grc' dir='ltr'><strong><em>α</em></strong></span> <span class='ocrx_word' id='word_1_138' title='bbox 549 2131 666 2209; x_wconf 82' lang='grc' dir='ltr'><strong><em>ίσχρως</em></strong></span> <span class='ocrx_word' id='word_1_139' title='bbox 682 2125 803 2209; x_wconf 77' lang='grc' dir='ltr'><strong><em>ἑτέροις</em></strong></span> <span class='ocrx_word' id='word_1_140' title='bbox 813 2120 1046 2192; x_wconf 79' lang='grc' dir='ltr'><strong><em>ἀκολουθοῦν-</em></strong></span> 
     </span>
     <span class='ocr_line' id='line_1_21' title="bbox 99 2215 1047 2308; baseline 0.001 -21"><span class='ocrx_word' id='word_1_141' title='bbox 99 2243 171 2301; x_wconf 82' lang='grc' dir='ltr'><strong><em>τας,</em></strong></span> <span class='ocrx_word' id='word_1_142' title='bbox 192 2215 275 2285; x_wconf 81' lang='grc' dir='ltr'><strong><em>αλλὰ</em></strong></span> <span class='ocrx_word' id='word_1_143' title='bbox 298 2219 375 2304; x_wconf 87' lang='grc' dir='ltr'><strong><em>μηδ’</em></strong></span> <span class='ocrx_word' id='word_1_144' title='bbox 398 2218 654 2307; x_wconf 78' lang='grc' dir='ltr'><strong><em>ἀναμνησθῆναι</em></strong></span> <span class='ocrx_word' id='word_1_145' title='bbox 678 2225 837 2307; x_wconf 76' lang='grc' dir='ltr'><strong><em>μηδεμιᾶς</em></strong></span> <span class='ocrx_word' id='word_1_146' title='bbox 863 2227 1047 2308; x_wconf 84' lang='grc' dir='ltr'><strong><em>φιλοτιμίας</em></strong></span> 
     </span>
     <span class='ocr_line' id='line_1_22' title="bbox 100 2312 1046 2402; baseline 0 -17"><span class='ocrx_word' id='word_1_147' title='bbox 100 2341 172 2385; x_wconf 85' lang='grc' dir='ltr'><strong><em>των</em></strong></span> <span class='ocrx_word' id='word_1_148' title='bbox 180 2312 243 2395; x_wconf 73' lang='grc' dir='ltr'><strong><em>ἐξ</em></strong></span> <span class='ocrx_word' id='word_1_149' title='bbox 224 2318 440 2400; x_wconf 88' lang='grc' dir='ltr'><strong><em>αρχαιοτοίτου</em></strong></span> <span class='ocrx_word' id='word_1_150' title='bbox 451 2345 507 2386; x_wconf 86' lang='grc' dir='ltr'><strong><em>και</em></strong></span> <span class='ocrx_word' id='word_1_151' title='bbox 496 2321 593 2386; x_wconf 88' lang='grc' dir='ltr'><strong><em>πλεί</em></strong></span> <span class='ocrx_word' id='word_1_152' title='bbox 591 2337 678 2386; x_wconf 87' lang='grc' dir='ltr'><strong><em>στων</em></strong></span> <span class='ocrx_word' id='word_1_153' title='bbox 695 2319 749 2385; x_wconf 77' lang='grc' dir='ltr'><strong><em>καὶ</em></strong></span> <span class='ocrx_word' id='word_1_154' title='bbox 760 2316 900 2402; x_wconf 80' lang='grc' dir='ltr'><strong><em>μάλιστα</em></strong></span> <span class='ocrx_word' id='word_1_155' title='bbox 911 2319 1046 2385; x_wconf 84' lang='grc' dir='ltr'><strong><em>πόντων</em></strong></span> 
     </span>
     <span class='ocr_line' id='line_1_23' title="bbox 100 2402 1047 2503; baseline -0.001 -22"><span class='ocrx_word' id='word_1_156' title='bbox 100 2402 331 2499; x_wconf 71' lang='grc' dir='ltr'><strong><em>ἀνθρώπων</em></strong></span> <span class='ocrx_word' id='word_1_157' title='bbox 312 2430 392 2502; x_wconf 81' lang='grc' dir='ltr'><strong><em>ημῖν</em></strong></span> <span class='ocrx_word' id='word_1_158' title='bbox 408 2414 640 2503; x_wconf 75' lang='grc' dir='ltr'><strong><em>ὑπαρχουσωυ.</em></strong></span> <span class='ocrx_word' id='word_1_159' title='bbox 672 2413 732 2483; x_wconf 87' lang='grc' dir='ltr'><strong><em>έαν</em></strong></span> <span class='ocrx_word' id='word_1_160' title='bbox 747 2403 810 2481; x_wconf 81' lang='grc' dir='ltr'><strong><em>οὖν</em></strong></span> <span class='ocrx_word' id='word_1_161' title='bbox 826 2406 1047 2498; x_wconf 77' lang='grc' dir='ltr'><strong><em>κελεύητε,εό</em></strong></span> 
     </span>
     <span class='ocr_line' id='line_1_24' title="bbox 101 2509 1041 2601; baseline -0.003 -20"><span class='ocrx_word' id='word_1_162' title='bbox 101 2509 241 2598; x_wconf 84' lang='grc' dir='ltr'><strong><em>ανδρες’</em></strong></span> <span class='ocrx_word' id='word_1_163' title='bbox 237 2521 417 2600; x_wconf 84' lang='grc' dir='ltr'><strong><em>Αθηναῖοι,</em></strong></span> <span class='ocrx_word' id='word_1_164' title='bbox 434 2516 568 2601; x_wconf 78' lang='grc' dir='ltr'><strong><em>γρόιγω,</em></strong></span> <span class='ocrx_word' id='word_1_165' title='bbox 579 2514 731 2598; x_wconf 75' lang='grc' dir='ltr'><strong><em>καθάπερ</em></strong></span> <span class='ocrx_word' id='word_1_166' title='bbox 753 2513 967 2596; x_wconf 80' lang='grc' dir='ltr'><strong><em>αίσανθῆιιαι</em></strong></span> <span class='ocrx_word' id='word_1_167' title='bbox 988 2535 1041 2578; x_wconf 83' lang='grc' dir='ltr'><strong><em>κε-</em></strong></span> 
     </span>
     <span class='ocr_line' id='line_1_25' title="bbox 100 2607 773 2700; baseline -0.001 -23"><span class='ocrx_word' id='word_1_168' title='bbox 100 2607 247 2695; x_wconf 84' lang='grc' dir='ltr'><strong><em>λεύουσι,</em></strong></span> <span class='ocrx_word' id='word_1_169' title='bbox 259 2619 414 2698; x_wconf 80' lang='grc' dir='ltr'><strong><em>πολεμεῖν</em></strong></span> <span class='ocrx_word' id='word_1_170' title='bbox 423 2627 490 2694; x_wconf 91' lang='grc' dir='ltr'><strong><em>τοῖς</em></strong></span> <span class='ocrx_word' id='word_1_171' title='bbox 500 2609 773 2700; x_wconf 76' lang='grc' dir='ltr'><strong><em>παραβεβηκόσιν.</em></strong></span> 
     </span>
    </p>
   </div>
   <div class='ocr_carea' id='block_1_3' title="bbox 0 0 1174 3894">
    <p class='ocr_par' dir='ltr' id='par_1_6' title="bbox 0 0 1174 3894">
     <span class='ocr_line' id='line_1_26' title="bbox 0 0 1174 3894; baseline 0 0"><span class='ocrx_word' id='word_1_172' title='bbox 0 0 1174 3894; x_wconf 95' lang='lat' dir='ltr'><strong><em> </em></strong></span> 
     </span>
    </p>
   </div>
  </div>
 </body>
</html>
