2340 3894
313 181 463 244 ’ΚΑΤΑ
484 180 752 243 ΦΙΛΙΠΠΟῬ
769 181 806 244 Γ.
995 179 1045 242 95

75 341 118 412 τὰ
130 346 285 430 βέλτιστα
296 345 405 427 λέγειν
422 338 728 427 προαιρουμένους,
745 333 792 408 ὧν
808 342 893 421 τινὲς
908 342 985 428 μέν,
1004 336 1044 411 οἶ,

77 438 388 528 άνδρεςῢίθηναῖοι,
396 443 433 506 έν
444 437 493 517 οἷς
503 437 838 525 εύδοιιιμοῦσιναύτοὶ
848 443 902 509 καὶ
910 442 1037 510 δύναν-

79 568 142 626 ται,
153 549 261 607 ταῦτα
271 538 494 624 φυλάττοντες
506 535 665 623 οὐδεμίαν
681 541 835 623 περὶτῶν
845 539 1037 624 μελλόντων

52 696 61 701 .
79 639 245 722 πρόνοιαν
256 642 397 722 ἔχουσιν,
405 631 531 703 οὐκοῦν
543 634 616 703 οὐδ’
626 635 714 723 ὑμᾶς
725 648 852 706 οῖονται
859 642 930 705 δεῖν
940 642 1036 723 ἔχειν,
1050 657 1055 661 ’

78 739 187 819 ἕτεροι
200 735 236 802 δὲ
248 733 326 813 τούς
337 736 389 802 ἐπὶ
399 749 466 812 τοῖς
475 734 665 821 πράγμασιν
674 736 772 816 ὄντας
783 737 971 823 αίτιάμευοι
982 738 1037 804 καὶ

79 832 316 921 διαβάλλοντες
335 830 433 900 οὐδέν
444 831 525 901 άλλο
539 836 725 923 ποιοῦσινῆ
736 835 857 924 ὅπωςη
869 836 931 922 μὲν
941 836 1037 914 πόλις

80 932 166 1018 αὕτη
190 929 263 1017 παρ’
278 928 381 1017 αὐτῆς
402 935 497 1016 δίκην
508 932 643 1016 λήψεται
662 938 718 1001 καὶ
739 937 814 1018 περὶ
831 931 916 1003 τοῦτ’
933 940 1094 1022 έσται,111

81 1039 241 1118 Φιλίππῳ
252 1035 270 1096 δ
276 1027 284 1053 ’
298 1033 421 1115 ἐξέσται
438 1033 492 1096 καί
511 1033 618 1114 λέγειν
635 1036 690 1099 καί
711 1031 898 1118 πράττεινό
908 1060 940 1100 τι
950 1032 1035 1119 βού-

53 1141 182 1202 3λεται.
202 1135 239 1196 αί
247 1131 437 1197 δὲτοιαῦται
446 1137 604 1196 πολιτεῖαι
611 1131 769 1216 συνήθεις
779 1135 840 1216 μέν
852 1128 1033 1216 είσινὺμῖν,

78 1240 183 1298 αῖτιαι
197 1228 232 1296 δέ
243 1237 300 1314 της
312 1235 453 1312 ταραχῆς
471 1230 603 1294 καὶτῶν
614 1225 865 1314 ἁμαρτημάτων.
901 1226 981 1307 άξιεό
991 1225 1034 1313 δ’,

79 1321 108 1395 ὦ
119 1324 480 1412 άνδρεςἈθηναῖοι,άν
490 1352 522 1392 τι
531 1333 600 1394 τῶν
609 1323 749 1411 άληθωυ
759 1325 838 1411 μετά
852 1333 1039 1411 παρρησίας

77 1428 177 1510 λέγω,
189 1429 350 1510 μηδεμίαν
360 1449 417 1510 μοι
429 1421 484 1490 διά
497 1431 595 1490 τούτο
614 1421 687 1505 παρ’
707 1421 804 1508 ὑμῶν
820 1421 925 1508 ὀργὴν
939 1427 1036 1507 γενέ-

78 1533 173 1591 σθαι.
195 1537 345 1591 σκοπεῖτε
354 1520 419 1607 γάρ
432 1519 499 1588 ὡδί.
526 1519 620 1608 ὑμεῖς
637 1520 698 1607 την
714 1528 902 1608 παρρησίαν
912 1523 963 1588 ἐπὶ
974 1520 1037 1607 μὲν

76 1629 150 1689 τῶν
161 1620 274 1689 άλλων
286 1620 373 1688 οὕτω
385 1619 504 1705 κοινὴν
521 1630 633 1689 οἴεσθε
651 1620 818 1688 δεῖυείνάι
829 1629 909 1688 πᾶσι
919 1634 988 1699 τοῖς
999 1623 1036 1689 έν
1080 1683 1081 1686 ,

78 1729 121 1808 τῇ
143 1719 239 1789 πόλει
266 1718 348 1787 άστε
365 1721 419 1786 καί
436 1733 504 1797 τοῖς
521 1723 623 1798 ξένοις
640 1721 697 1788 καὶ,
710 1734 776 1798 τοῖς
789 1720 922 1796 δούλοις
932 1717 1036 1805 αὐτῆς

79 1819 345 1904 μεταδεδώκατε,
369 1820 424 1885 καὶ
441 1816 585 1896 πολλοὺς
607 1817 649 1884 άν
665 1844 714 1896 τις
731 1820 857 1897 οἰκέτας
874 1821 940 1886 ῖδοι
957 1815 1031 1901 παρ’

79 1914 163 2002 ὑμῖν
172 1914 253 2002 μετά
265 1923 417 1994 πλείονος
428 1919 575 1994 ἐξουσίας
585 1915 605 1984 ό
615 1943 646 1982 τι
656 1917 835 2003 βούλονται
845 1920 1000 2002 λέγοντας
1011 1912 1033 2003 ἦ

12 2033 20 2037 ’
79 2020 216 2093 πολίτας
232 2017 269 2081 ἐν
288 2017 391 2093 ἐνίαις
409 2024 476 2081 τῶν
487 2013 599 2082 άλλων
610 2016 740 2084 πόλεων
747 2056 761 2103 ,ε
779 2020 814 2083 ἐκ
827 2017 862 2085 δέ
873 2009 935 2085 τού
946 2038 1032 2101 συμ-

53 2112 258 2200 4βουλεύειν
269 2114 479 2180 παντάπασιν
491 2114 711 2198 ἐξεληλάκατε.
740 2111 801 2182 εἷθ’
815 2111 896 2200 ὑμῖν
907 2119 1032 2200 συμβέ-

79 2221 183 2300 βηκεν
195 2215 231 2280 ἐκ
242 2211 364 2278 τούτου
371 2214 407 2279 έν
418 2211 479 2297 μὲν
489 2224 559 2288 ταῖς
570 2216 752 2296 ἐκκλησίαις
762 2221 896 2297 τρυφάν
906 2214 1034 2278 καὶκο-

80 2310 287 2378 λακεύεσθαι
297 2308 404 2377 πάντα
417 2309 500 2394 πρὸς
510 2306 639 2394 ἡδονὴν
651 2306 851 2391 ἀκούουσιν,
870 2311 906 2373 έν
918 2309 953 2375 δέ
965 2322 1034 2384 τοῖς

81 2410 253 2501 πράγμασι
274 2412 329 2475 καί
346 2422 413 2486 τοῖς
429 2411 637 2496 γιγνομένοις
649 2408 722 2489 περὶ
733 2412 801 2471 τῶν
813 2406 959 2488 ἐσχάτων
969 2402 1032 2490 ἤδη

79 2495 301 2577 κυνδνυεύέιν.
328 2515 358 2576 εί
374 2507 434 2593 μὲν
450 2500 513 2575 οὖν
530 2507 585 2574 καί
596 2513 661 2572 νῦν
672 2503 759 2571 οὕτω
772 2504 951 2595 διάκεισθε,
969 2499 1032 2570 οὐκ

80 2611 141 2696 ἔχω
152 2616 186 2676 τί
201 2609 304 2691 λέγω·
324 2613 354 2674 εί
363 2605 394 2674 δ’
408 2604 607 2692 άσυμφέρει
617 2606 714 2690 χωρὶς
730 2609 903 2680 κολακείας
913 2602 1033 2690 ἐθελή-

81 2705 141 2776 σετ’
156 2706 306 2789 άκούειν,
325 2708 452 2790 ἕτοιμος
462 2710 577 2790 λέγειν.
607 2706 662 2771 καὶ
679 2702 743 2788 γάρ
755 2709 785 2770 εί
794 2701 884 2770 πάνυ
895 2702 1034 2797 φαύλως

79 2807 120 2873 τοὶ
130 2801 294 2891 πράγματ’
306 2808 370 2889 έχει
380 2808 435 2870 καί
447 2801 552 2872 πολλὰ
564 2817 728 2889 προεῖται,
747 2801 835 2888 ὅμως
846 2807 953 2887 ἔστιν,
972 2800 1032 2869 ἐάν

79 2902 174 2990 ὑμεῖς
183 2901 225 2970 τά
237 2905 355 2969 δέοντα
366 2914 472 2970 ποιεῖν
483 2902 656 2988 βούλησθ’,
675 2907 722 2968 ἔτι
733 2903 840 2969 πάντα
851 2908 955 2969 ταῦτα
973 2905 1032 2968 έπ-

55 3000 357 3087 5ανορθάσασθαι.
375 3002 430 3067 καὶ
439 2999 627 3086 παράδοξον
638 2999 699 3085 μὲν
711 3009 788 3078 ίσως
796 3003 884 3067 ἐστίν
894 2997 914 3066 δ
925 3003 1033 3084 μέλλω

81 3105 200 3187 λέγειν,
209 3097 339 3184 άληθὲς
349 3103 398 3166 δέ·
416 3096 454 3166 τὸ
466 3105 628 3184 χείριστον
646 3101 683 3166 έν
692 3112 760 3176 τοῖς
771 3099 1031 3185 παρεληλυθόσι,

81 3209 181 3268 τούτο
204 3195 288 3285 πρὸς
309 3194 349 3264 τά
367 3201 530 3283 μέλλοντα
547 3200 717 3283 βέλτιστον
736 3194 884 3281 ὑπάρχει.
918 3203 953 3262 τί
970 3189 1036 3263 οὖν

81 3302 149 3366 ἐστι
166 3306 284 3370 τοῦπος
313 3293 365 3362 ότι
382 3293 460 3362 οὔτε
478 3295 598 3379 μικρὸν
610 3293 685 3362 ούτε
696 3298 779 3380 μέγα
791 3294 889 3362 οὐδὲν
900 3296 1034 3358 τῶνδε

82 3395 193 3466 όντων
208 3391 402 3462 ποιούντων
417 3390 513 3479 ὑμῶν
531 3403 639 3472 κακαῖς
655 3391 695 3460 τά
707 3389 865 3477 πράγματ’
878 3394 953 3474 ἔχει,
965 3390 1037 3456 έπεί
