2340 3894
220 202 346 267 ΠΕΡΙ
367 201 475 263 ΤΗΣ
492 199 944 263 ΠΑΡΑΠΡΕΣΒΕΙΑΣ.
997 201 1062 266 817

103 363 227 453 ἐχθρὸς
237 364 292 431 καί
302 356 522 447 γραμματεὺς,
541 354 586 436 οδς
596 352 732 440 ὑπὲρ
691 365 790 443 τηςεί
789 331 1061 446 ρήνηςκρινάμε·

104 487 164 541 νος
175 457 432 544 ἀπολογήσεται,
453 452 515 541 066
534 458 591 523 ἵνα
603 451 807 523 πλειονων
784 484 805 542 η
824 472 1004 543 κατηγορεῖ
1010 485 1061 539 τις

103 556 211 628 αιἰτου
198 561 270 646 δῷ
282 556 401 641 λόγον·
420 559 522 675 μανίμ
531 553 597 639 γάρ
608 552 708 622 τοῦτό
718 579 772 639 γε
794 552 892 623 ἀλλ”
875 555 1059 643 ορᾷτοῦθζ

103 656 157 726 ὅτι
175 663 213 723 ἐν
228 655 289 739 μὲν
305 667 374 731 τοῖς
389 648 447 737 ὑφ’
465 647 572 718 αὑτοῦ
587 653 842 737 πεπραγμένοις
849 651 982 737 άγαθδν
998 608 1060 742 μὲά

65 780 70 786 ·
103 753 207 825 οὐδέν
218 748 354 836 ἐστιν,“
331 773 462 817 απαντα
477 749 512 817 δὲ
523 747 745 835 τάδικήματα,
763 747 828 835 ἡδ’
841 748 925 836 ὑπὲρ
942 760 1000 840 τής
1012 759 1062 822 εί-

104 847 392 940 ρήνηςάπολογία,
404 849 461 915 καί
472 848 614 932 εἰμηδλν
624 846 723 931 ἄλλο,
740 847 888 934 τοῦνομα
899 856 1061 937 γοῠνέχει

58 949 360 1039 ςσφιλάνθρωπον
392 942 435 1030 ἣν
451 948 584 1012 δέδοικα
599 944 676 1031 μδν,
699 938 858 1032 άάνδρες
876 947 1059 1035 Ἀθηναῖοι,

105 1053 256 1130 δέδοικα,
279 1071 323 1130 μη
312 1041 543 1130 λελήθαμεν,
567 1041 727 1127 ὥσπεροί
742 1047 983 1134 δανειζόμενοι,
1008 1049 1124 1116 ἐπίθίἳ

104 1142 382 1268 πολλῷάγοντες·
404 1138 518 1226 τὸγὰρ
528 1138 673 1226 άσφαλες
684 1138 786 1228 αὐτῆς
800 1146 858 1212 καί
874 1171 911 1212 το
901 1145 1062 1232 βέβαιον

104 1269 200 1315 ουτοι
211 1239 621 1327 προυδοσαν,Φωκεαςκαί
632 1239 762 1318 Πυλας
784 1239 826 1308 06
836 1268 904 1328 μην
914 1242 969 1311 δια
980 1270 1062 1313 του·

104 1341 220 1427 τόνγε
237 1335 302 1420 ἐξ’
282 1346 385 1426 αρχῆς
401 1335 647 1423 ἐποιησάμεθα,
660 1334 767 1411 ἀλλ”
743 1362 871 1407 ατοιτον
887 1345 950 1460 μέν
971 1345 1062 1409 ἐστιν

103 1469 124 1510 ο
108 1439 243 1526 ’μέλλω
254 1442 372 1604 λέχειν,
384 1433 508 1522 ἀληθὲς
519 1435 555 1502 δ
565 1434 673 1502 πάνυ·
695 1440 727 1505 εἰ
735 1438 799 1519 γάρ
811 1462 861 1514 τις
872 1434 916 1516 ὥς
926 1435 1062 1524 άληθῶς

105 1546 211 1659 χαίρει
222 1545 263 1625 τῇ
280 1536 411 1624 εἰρήνη,
437 1548 505 1613 τοίς
523 1548 731 1618 στρατηγολς,
752 1525 800 1601 οδν
816 1544 1062 1621 κατηγοροῦσιν

105 1636 265 1718 ἅπαντες,
286 1633 385 1720 χάριν
400 1630 503 1719 αὐτῆς
520 1635 626 1719 ἐχέτω
662 1638 694 1700 εἰ
701 1632 767 1718 γάρ
778 1631 935 1700 ἐκεῖνοι
913 1628 1063 1755 696666

105 1736 289 1823 ἐβούλεσθε
311 1735 512 1818 ἐπολέμουν,
542 1728 657 1798 οὐδ”
636 1756 743 1816 ονομα
758 1728 929 1817 εἰρήνης”
907 1759 952 1800 αν
967 1729 1063 1819 ὑμεῖς

56 1832 296 1920 μιήνέσχεσθε.
330 1837 378 1916 εἰρ
358 1821 578 1950 ρήνημὶν
533 1854 598 1919 οοη
615 1827 655 1897 δι’
666 1833 828 1916 ἐκείνους,
851 1834 1062 1912 ἐπικίνδυνος
1093 1900 1097 1905 ,
1161 1846 1165 1853 ’

106 1932 145 2001 δὲ
156 1932 211 1998 καὶ
221 1927 371 2033 σφαλεροὶ
384 1927 479 1999 ταδ’
455 1947 593 2008 απιστος
603 1927 658 1996 διά
675 1927 815 2008 τούτους
825 1933 941 2016 γέγονε
953 1936 1061 2013 6660-

106 2025 321 2115 δοκήσαντας.
354 2026 473 2114 εἰργετ’
485 2019 560 2114 οὖν,
578 2027 991 2116 εἰργετεαάτδντοὸνῦπὲρ
1003 2038 1061 2116 τής

106 2130 240 2214 εἰρήνης
250 2127 372 2212 λόγων,
384 2132 430 2204 εἰς
439 2127 474 2195 δὲ
483 2125 562 2204 τοὺς
573 2124 656 2210 ὑπὲρ
666 2135 734 2194 τοῖν
751 2132 992 2214 πεπραγμένων
1002 2133 1062 2214 ἐμ-

106 2226 263 2314 βιβάζετε.
292 2221 408 2310 οὐγὰρ
421 2230 577 2310 Αἰσχίνης
587 2222 671 2309 ὑπὲρ
688 2231 746 2310 τής
762 2227 893 2313 εἰρήνης
903 2234 1061 2311 κρίνεται,
1087 2253 1090 2258 ’

107 2319 163 2408 06,
179 2321 279 2409 άλλ’ή
298 2322 412 2410 εἰρήνη
424 2320 464 2390 δι’
485 2328 643 2408 Αἰσχίνην
661 2325 881 2409 διαβέβληται.
925 2337 1063 2409 σημεῖον

107 2425 160 2491 δέ’
183 2427 214 2490 εἰ
232 2421 297 2507 γάρ
320 2418 341 2508 ή
362 2425 424 2508 μὲν
445 2420 560 2508 εἰρήνη
577 2419 739 2506 ἐγεγόνει,
758 2419 862 2506 μηδὲν
873 2417 905 2487 δ’
919 2418 1063 2505 ὕστερον

107 2520 314 2606 ἐξηπάτησθε
333 2517 426 2605 ὑμεῖς
444 2517 704 2607 μηδ’άποολιόλει
715 2524 784 2586 τάν
800 2517 983 2602 συμμάχων
998 2543 1065 2602 μη·
1151 2541 1157 2551 ·

108 2619 192 2703 δείς,
224 2613 282 2685 τίν’
308 2613 502 2702 ἀνθρώπων
531 2615 694 2702 ἐλύπησεν
720 2612 765 2682 άν
792 2612 813 2701 ή
846 2614 977 2701 εἰρήνη,
1002 2621 1064 2695 ἔξω

107 2723 171 2787 τοῦ
191 2714 308 2796 άδοξος
329 2724 543 2802 γεγενήσθαι;
574 2720 681 2783 καίτοι
712 2715 767 2783 καί
798 2712 920 2790 τούτου
944 2719 1064 2781 συναί-
1136 2788 1140 2797 ,

108 2839 178 2892 τιος
199 2807 298 2893 οὗτος
319 2813 489 2883 συνειπών
510 2813 715 2899 Φιλοκράτει.
746 2809 815 2880 ἀλλ’
828 2809 1015 2898 ἀνήκεστόν
1029 2809 1062 2898 γ’

109 2909 212 3030 0666
233 2906 276 2977 66
296 2904 340 2993 ήν
359 2909 522 2997 γεγονός.ι
539 2921 605 2981 νῦν
622 2909 668 2996 δ’,
685 2910 792 2997 οἰμαι,
815 2919 949 2981 πολλῶν
960 2921 1065 2988 αἰτιος

110 3033 218 3085 ουτος.

63 3130 103 3186 98
187 3104 258 3174 Ὅτι
274 3106 336 3191 μὲν
351 3113 467 3174 τοίνυν
485 3112 627 3191 αἰσχροῖς
643 3108 698 3175 καί
714 3116 825 3186 κακῶς
841 3109 949 3176 πάντα
965 3107 1066 3174 ταῦθ’

110 3202 177 3272 ὑπὸ
199 3204 330 3272 τούτων
350 3201 501 3272 άπόλωλε
522 3205 577 3272 καί
600 3207 808 3293 διέφθαρται,
830 3205 920 3292 οἰμαι
940 3203 1068 3283 πάντας

111 3299 199 3388 ὑμᾶς
213 3305 342 3371 εἰδέναι.
376 3299 441 3388 66
452 3299 497 3388 δ’,
510 3293 667 3385 οδάνδρες
677 3305 837 3387 δικασταί,
849 3297 977 3369 τοσοῦτ’
986 3299 1069 3368 άπί·

111 3427 160 3489 χοι
170 3408 231 3469 τοῦ
243 3405 473 3487 συκοφαντίαν
485 3398 559 3469 τινα
571 3409 641 3480 ’τοίς
649 3399 820 3487 πράγμασι
825 3398 956 3477 τούτοις
962 3418 1070 3483 προσ·
