2340 3894
190 185 315 247 νυνι
345 185 455 247 m
480 184 937 249 nAPAnPfflfflAz.
979 184 1044 251 εει
1150 171 1154 177 ’

47 399 50 404 .
88 345 204 427 κότος,
231 345 287 412 καὶ
307 341 347 412 τὰ
369 348 482 412 παιδία
503 346 582 420 δσοες
603 343 740 426 παράξει
761 346 816 411 καί
836 342 1042 432 ιἰναβιβᾶται.

88 442 185 528 ὑμεῖς
197 438 228 508 δ’
244 445 466 526 ἐνθυμεῖσθε,
481 433 638 522 όᾶνδρες
650 445 817 524 δικασταί,
836 442 920 525 πρὸς
930 442 991 529 μὲν
1002 440 1043 510 τὰ

81 540 214 612 ,τούτου
232 544 363 623 παιδία,
386 536 438 606 ὅτι
456 545 591 606 πολλῶν
608 538 793 625 συμμάχων
809 537 1045 626 όμετέροινιιαί

88 645 199 724 φίλων
215 640 330 715 παῖδες
346 634 491 704 ἀλῶνται
506 639 563 703 καὶ
579 639 701 722 πτωχοὶ
714 640 941 724 περιέρχονται
952 638 1045 706 δεινοὶ
1095 660 1098 666 ’

88 735 298 813 πεπονθότες
309 731 364 802 διδ
375 741 506 819 τοῦτον,
518 731 578 812 οὓς
588 737 691 803 ἐλεεῖν
702 743 814 823 πολλῷ
827 726 955 822 μᾶλλον
965 735 1048 823 ὑμῖν

88 829 303 920 όξιονήτοός
312 839 374 899 τοῦ
384 839 520 900 τοιαῦτα
530 830 727 918 ἠδικηκότος
738 837 792 899 καὶ
803 833 1047 916 προδότουπα-

88 928 186 1017 τρός,
207 931 263 998 καὶ
274 927 325 1000 ὅτι
335 927 415 1008 τούς
427 927 608 1014 ὑμετέρους
619 935 737 1008 παῖδας
754 922 867 1019 οὗτοι,
886 929 963 1001 “nal
978 946 1047 1010 τοῖς

83 1024 273 1113 “έιιγόνοις”
292 1027 567 1111 προσγράψαντες
585 1033 631 1106 είς
647 1027 710 1115 τήν
728 1029 880 1117 εἰρήνην,
902 1032 958 1099 καὶ
977 1038 1047 1097 τοῖν

71 1128 234 1206 ,έλπίδιον
250 1122 509 1210 ἀπεστερήκασι,
526 1122 615 1206 ’πρός
632 1126 669 1194 δέ
683 1128 725 1194 τὰ
736 1125 843 1201 νότον
853 1128 976 1196 τούτου
985 1127 1047 1196 δοί-

75 1249 197 1310 -κρνα,
218 1222 270 1293 ὅτι
286 1231 352 1291 νῦν
364 1229 451 1309 ἔχετε
462 1222 664 1309 ἄνθρωπον,
687 1222 724 1302 ὃς
734 1223 965 1307 είςἈρκαδίαυ
975 1227 1047 1293 ἐκέ·

91 1330 191 1390 λενεν
212 1326 264 1408 έπί
286 1321 366 1400 τοὺς
387 1318 472 1406 ὑπὲρ
491 1327 661 1389 Φιλίππου
682 1322 1046 1407 πρόττονταςπέμπειν

38 1415 479 1506 ιιιτούςκατηγορήοοντας.
509 1424 701 1486 νῦντοίυυν
711 1415 872 1505 δμοῖςοόκ
884 1426 1046 1500 είςΠελο-
1053 1433 1105 1489 441

91 1516 264 1602 πόννησον
280 1521 334 1586 δεῖ
347 1523 529 1605 πρεσβείαν
545 1520 703 1603 πέμπειν,
727 1515 801 1584 οὐδ’
822 1519 904 1587 ὁδόν
915 1519 1048 1606 μακρὰν

91 1618 242 1700 βαδίσαι,
254 1611 330 1682 οὐδ’
343 1614 463 1701 έφόδια
474 1613 682 1699 ἀναλίσκειν,
694 1612 767 1682 ἄλλ’
781 1615 856 1703 όὶχρι
866 1625 930 1685 τοῦ
939 1619 1049 1704 βήμα-

61 1733 64 1740 ·
91 1738 147 1791 τος
158 1714 297 1781 ἐνταυθὶ
307 1712 539 1799 προσελθόντα
550 1714 692 1780 ἕκαστον
699 1709 796 1798 ὑμῶν
806 1713 869 1800 τήν
882 1711 977 1788 ὁσίαν
993 1715 1049 1782 καί

91 1816 225 1880 δικαίαν
245 1819 363 1898 ψῆφον
385 1810 471 1896 ὑπὲρ
493 1809 551 1897 τῆς
572 1817 730 1899 πατρίδος
750 1816 876 1883 θέσθαι
902 1813 975 1882 κατ’
987 1811 1049 1880 όν-
1099 1869 1102 1872 .

92 1908 187 2004 δρός,
211 1905 264 1991 δς,
287 1901 375 1996 όγή
393 1910 549 1995 καλθεοὶ,
572 1906 715 1977 έκεῖναδὶ
728 1914 905 1995 διεξῆλθον
915 1913 955 1979 έν
964 1908 1051 1996 ἀρχή

91 2006 383 2095 δεδημηγορηκώς,
400 2007 461 2078 τόν
470 2016 675 2094 Μαραθῶνα
681 2005 772 2093 ,τήν
783 2016 975 2095 Σαλαμῖνα,
991 2005 1052 2086 τὰς

91 2104 214 2192 μάχας,
237 2101 277 2170 τοὶ
287 2105 446 2190 τρόπαια,
462 2108 636 2192 ἐξαίφνης,
658 2103 702 2184 ὡς
712 2108 812 2193 ἐπέβη
824 2111 1047 2191 Μακεδονίας,

92 2203 203 2272 πάντα
215 2198 374 2269 τάναντία
384 2203 531 2294 τούτοις,
543 2204 588 2290 μή
600 2203 779 2287 προγόνων
789 2213 991 2290 μεμνῆσθαι,
1001 2202 1046 2290 μή

92 2301 236 2384 τρόπαια
246 2301 365 2385 λέγειν,
377 2296 422 2386 μή
433 2306 575 2387 βοηθεῖν
585 2301 713 2385 μηδενί,
726 2297 770 2385 μή
782 2308 878 2386 κοινῇ
889 2300 969 2386 μετὰ
979 2308 1050 2368 τεόν

89 2398 256 2487 Ἑλλήνων
272 2398 513 2485 βουλεύεσθαι,
534 2395 642 2482 μόνον
658 2393 701 2464 οὐ
718 2404 876 2465 καθελεῖν
891 2395 932 2464 τὰ
951 2403 1048 2483 τείχη.

38 2520 84 2573 312
93 2504 200 2566 καίτοι
215 2495 346 2564 τούτων
362 2501 509 2580 αἰσχίους
526 2494 621 2579 λόγοι
638 2488 775 2572 οὐδένες
794 2492 923 2561 πώποτ’
944 2497 981 2562 έν
1002 2502 1050 2583 τῷ

95 2596 192 2674 παντὶ
203 2593 313 2682 χρόνῳ
324 2593 481 2678 γεγόνασι
492 2589 572 2676 παρ’
584 2589 675 2678 ὑμῖν.
703 2596 752 2669 τίς
762 2590 827 2675 γάρ
837 2589 1050 2676 έστινἘλλή-

96 2719 167 2768 νων
179 2687 201 2778 ή
212 2690 395 2780 βαρβάρων
405 2689 495 2759 οὕτω
507 2678 621 2769 σκαιός
631 2689 687 2757 καί
697 2686 841 2774 ἀνήκοος
853 2689 908 2756 καὶ
918 2689 1050 2774 σφόδρα

95 2798 204 2876 μισεῖν
220 2789 284 2877 τήν
300 2791 400 2859 πόλιν
415 2787 478 2877 τήν
496 2786 660 2877 ἡμετέραν
666 2837 676 2873 ,
699 2785 807 2870 ὅστις,
826 2794 861 2854 εί
871 2812 921 2866 τις
930 2791 1049 2872 ἔροιτο,

95 2890 168 2956 εἰπέ
176 2913 248 2971 μοι,
263 2897 322 2972 τῆς
331 2898 397 2958 νῦν
407 2886 673 2975 οόσηςῈλλόδος
683 2885 821 2971 ταυτησὶ
830 2885 885 2953 καὶ
895 2888 1051 2969 οίκονμέ-

94 3010 156 3071 νης
182 2982 257 3053 ἔσθ’
287 2985 306 3053 ὅ
327 3012 359 3054 τι
379 2987 505 3070 ταύτην
526 2981 571 3052 ἂν
589 2984 653 3069 τήν
674 2987 901 3069 προσηγορίαν
921 2973 1051 3067 είχενή

95 3081 213 3172 ᾠκεῖθ’
228 3081 295 3152 ὑπό
307 3092 375 3152 τοῖν
386 3090 453 3151 νῦν
463 3081 607 3168 ἐχόντων
613 3078 790 3167 Ἑλλήνων,
803 3083 834 3147 εί
846 3077 891 3166 μή
901 3078 960 3156 τὰς
970 3074 1053 3159 όρε-
1112 3080 1115 3087 ’

94 3181 154 3262 τὰς
173 3176 257 3265 ὑπὲρ
278 3180 391 3250 νότιόν
410 3185 539 3259 ἐκείνας
556 3183 591 3248 οί
602 3184 796 3265 Μαραθῶνι
811 3180 867 3247 καὶ
884 3185 1052 3262 Σαλαμῖνι

41 3364 44 3370 ¹
95 3282 299 3367 παρέσχοντο
317 3285 353 3350 οί
363 3277 517 3367 ήμέτεροι
533 3277 711 3364 πρόγονοι;
732 3274 808 3345 οὐδ’
825 3271 868 3344 δν
878 3270 925 3354 εἷς
935 3265 975 3342 εὖ
985 3266 1049 3341 οἷδ’

99 3372 151 3448 ότι
161 3378 316 3465 φήσειεν,
331 3376 415 3447 ἀλλὰ
426 3377 536 3446 πάντα
543 3373 648 3445 ταῦθ’
661 3372 728 3444 ὑπὸ
738 3403 806 3445 τιιν
817 3371 999 3462 βαρβάρων
1008 3365 1054 3439 ἄν
