2340 3894
205 217 331 279 mm
352 217 459 279 ΤΗΣ
476 191 936 285 mmmmm&
985 221 1049 288 ιιι

89 381 159 451 εἶτα
171 378 232 449 τόν
243 385 288 456 εἰς
298 375 379 457 τούς
387 376 498 463 ὄρνεις
516 378 661 447 εἰσιόντα
678 383 734 449 καί
744 370 1049 468 μετάΠιτταλάκου

88 479 278 567 περιιόντα,
291 481 345 546 καί
356 475 484 545 τοιαῦτ’
497 475 617 565 εἰπάν,
629 476 786 565 ἀγνοεῖτ’,
799 485 877 569 ἔφη,
890 484 987 552 ποῖόν
997 511 1049 552 τι-

88 607 132 648 να
142 579 299 668 ἡγεῖσθαι
315 581 380 658 δεῖς
412 575 557 665 ούκούν,
583 581 738 666 Αἰσχίνη,
759 581 814 648 καί
831 582 915 649 κατὰ
932 583 1047 651 σούτδι

88 685 221 766 ἰαμβεῖα
236 673 333 744 ταῦθ’
351 671 491 763 ἁρμόσει
508 685 574 745 νῦν
591 679 679 762 έμοί,
697 673 762 746 κάν
778 677 842 764 ἐγώ
858 682 944 765 λέγει
965 680 1048 768 πρός

87 779 237 864 τούτους,
251 776 363 863 ὀρθῶς
374 779 429 846 καί
439 777 674 864 προσηκόντως
684 780 760 863 έροῖ,
772 776 863 858 ὅστις
874 779 908 847 δ’
920 776 1047 867 ὁμιλεῖν

87 875 213 963 ἥδεται,
226 879 281 944 καὶ
291 883 396 944 ταῦτα
407 870 621 963 πρεσβεύειν,
634 875 849 963 Φιλοκράτει,
861 876 1045 948 οὐπώποτ’

86 974 261 1064 ἠρώτησα,
277 975 474 1060 γιγνώσκων
486 973 537 1043 ότι
548 973 712 1062 άργύριον
723 973 829 1061 εἴληφ’
842 968 957 1063 οὗτος,
979 977 1047 1047 ⁰36-
1151 1039 1158 1057 ,

88 1101 150 1160 περ
165 1072 399 1160 Φιλοκράτηςὸ
412 1072 596 1160 ὁμολογῶν.

42 1191 79 1246 46
172 1175 417 1261 Αογογράφους
426 1180 543 1242 τοίνυν
553 1166 1046 1261 καὶσοφιστάςάποκαλελυτούς

89 1272 212 1351 άλλους
223 1275 279 1340 καί
296 1270 443 1360 ὑβρίζειν
458 1271 662 1359 πειρώμενος
668 1325 677 1357 ,
698 1271 800 1352 αύτὸς
811 1276 1108 1363 ἐξελεγχθησε-ηις

87 1399 142 1440 ται
154 1373 284 1451 τούτοις
303 1367 352 1440 τόν
369 1380 492 1459 ἔνοχος.
522 1380 629 1440 ταῦτα
645 1373 707 1459 μέν
723 1370 788 1459 γάρ
805 1373 846 1442 τά
867 1382 998 1461 ἰαμβεῖα
1009 1379 1046 1443 έκ

89 1472 345 1551 Φοίνικόςέστιν
355 1471 557 1557 Εὐριπίδου·
568 1479 667 1540 τοῦτο
679 1473 714 1541 δὲ
725 1471 761 1541 τὸ
774 1477 884 1560 δρᾶμα
895 1472 1047 1542 ούδεπά-

87 1597 167 1639 ποτε
185 1571 262 1639 ούτε
281 1571 455 1659 Θεόδωρος
471 1570 549 1640 οὔτε
561 1569 795 1659 Ἀριστόδημος
811 1569 1045 1661 ὑπεκρίναντο,

87 1667 137 1752 οἷς
147 1663 247 1750 οὗτος
256 1670 296 1739 τά
307 1679 400 1759 τρίτα
410 1675 517 1757 λέγων
529 1674 719 1759 διετέλεσεν,
728 1671 948 1742 άλλάΜόλων
958 1671 1048 1760 ἠγω-

88 1778 210 1858 νίζετο,
233 1774 337 1842 καίεί
323 1772 397 1859 ίδη’
407 1799 456 1850 τις
473 1769 573 1851 άλλος
590 1781 658 1839 τῶν
676 1779 829 1840 παλαιῶν
845 1769 1045 1857 ύποκριταῑν.

61 1905 64 1912 ·
85 1873 279 1959 Ἀντιγόνην
299 1871 335 1940 δὲ
355 1876 571 1958 Σοφοκλέους
591 1871 751 1951 πολλάκις
779 1871 841 1958 μὲν
860 1872 1045 1958 Θεόδωρος,

88 1973 245 2053 πολλάκις
257 1970 309 2042 δὲ’
304 1971 535 2071 Αριστόδημος
546 1970 775 2059 ὑποκέκριται,
787 1963 857 2060 ένῇ
868 1972 1048 2057 πεποιημέ-

89 2099 132 2138 να
145 2078 276 2158 ἰαμβεῖα
286 2080 396 2150 καλως
406 2075 462 2141 καὶ
473 2072 713 2158 συμφεροντως
724 2085 805 2158 υμιυ
814 2071 972 2149 πολλακις
982 2095 1048 2136 αυ-

89 2168 145 2249 τός
167 2169 306 2256 εἰρηκως
332 2172 387 2238 καί
414 2169 560 2256 άκριβως
584 2171 835 2257 ἐξεπιστάμενος
855 2175 1045 2254 παρέλιπεν

42 2276 80 2331 :47
91 2279 160 2337 ἰστε
177 2267 243 2354 γάρ
261 2268 371 2356 δήπου
387 2267 494 2354 τοῦθ’,
515 2266 567 2336 ὅτι
582 2267 653 2335 έν”
629 2289 733 2335 απασι
743 2283 813 2346 τοῖς
825 2269 969 2352 δράμασι
979 2279 1048 2343 τοῖς

89 2383 256 2453 τραγικοῖς
277 2368 444 2454 ἐξαίρετόν
471 2372 562 2436 ἐστιν
588 2366 700 2453 ὥσπερ
712 2371 822 2453 ’γέρας
841 2381 911 2444 τοῖς
934 2390 1047 2449 τριτα-

90 2477 264 2551 γωνισταῖς
283 2465 321 2535 τό
343 2465 422 2547 τούς
442 2467 630 2553 τυράννους
656 2469 711 2536 καὶ
733 2466 812 2545 τούς
833 2463 873 2533 τά
897 2473 1048 2550 σκῆπτρα

89 2570 224 2651 ἔχοντας
246 2568 389 2636 εἰσιέναι.
428 2576 533 2635 ταῦτα
554 2575 670 2635 τοίνυν
691 2572 728 2634 ἐν
744 2591 790 2655 τῳ
778 2563 950 2650 δράματι
966 2564 1047 2631 κου’-

89 2672 137 2752 τρῖ
154 2663 359 2747 σκέψασδεὸ
381 2669 502 2751 Κρέων
523 2673 682 2754 Αἰσχίνης
705 2661 760 2734 οἷα
778 2666 886 2748 λέγων
907 2668 1047 2749 πεποίη-

88 2791 143 2830 ται
163 2771 210 2851 τῷ
230 2772 365 2854 ποιητῇ,
388 2794 409 2833 α
432 2766 509 2834 ούτε
529 2765 615 2854 πρός
634 2763 741 2834 αὑτὸν
761 2755 859 2841 οὗτος
879 2758 964 2846 ὑπὲρ
988 2769 1049 2848 τῆς

89 2866 229 2943 πθέσβδί
226 2887 265 2939 ας
289 2865 507 2953 διελέχδη”
464 2892 542 2934 ουτε
562 2864 646 2951 πρὸς
669 2863 748 2944 τούς
769 2862 924 2943 δικαστάς
947 2859 1047 2929 εἶπεν.

88 2959 182 3040 Λέγε.
242 2986 246 2993 ·

304 3117 503 3180 ῙΑΜΒΕῙΑ
521 3120 834 3185 ΣΟΦΟΚΛΕΟΥΣ

368 3243 462 3302 Ειῖί
477 3246 718 3304 ΑΝΤΙΓΟΝΗΣ.

240 3366 393 3475 άμηχανον
404 3375 437 3439 δὲ
446 3372 556 3454 παντὸς
566 3371 675 3460 άνδρός
688 3381 833 3485 ἐκμαθεῖν

239 3453 940 3614 ψυχηνιεκαίφρόνημακαίγνάμην,πρίνάν
1049 3484 1053 3491 ’
