2340 3894
292 217 420 279 ΠΕΡΙ
437 219 539 279 Tor
556 220 854 286 ΣΤΕΦΑΝΟῬ.
979 224 1043 289 268

81 376 263 464 βάσκανον
280 380 336 445 καὶ
352 384 533 462 φιλαίτιον·
556 387 654 447 τοῦτο
673 381 781 452 δὲκαὶ
799 386 900 470 φύσει
910 389 1044 466 κίναδος

90 474 307 558 τάνθρώπιόν
329 480 433 559 ἐστιν,
456 474 558 544 οὐδὲν
580 480 613 556 ἐξ
634 477 735 565 ἀρχῆς
756 479 846 567 ὑγιὲς
866 481 1045 569 πεποιηκός

89 572 163 643 οὐδ’
177 575 369 658 ἐλεύθερον,
382 574 618 659 αὐτοτραγικὸς
629 587 781 665 πίθηκος,
794 579 972 666 ἀρουραῖος
981 586 1044 667 ιΘί-

88 671 230 757 νόμαος,
252 672 446 758 παράσημος
461 674 579 758 ῥήτωρ.
613 681 647 742 τί
661 676 727 761 γὰρ
743 674 819 764 ἦση
839 679 989 764 δεινότης
999 684 1045 756 είς

89 769 210 854 όνησιν
220 767 340 857 ἥκειτῇ
350 775 495 854 πατρίδα
506 779 573 839 νῦν
582 771 662 859 ἡμῖν
673 779 777 859 λέγεις
788 780 862 860 περὶ
878 785 947 844 των
959 802 1045 860 παρ-

40 881 80 935 243
91 867 325 954 εληλυθότων;
354 867 465 955 ὥσπερ
482 865 527 937 ἀν
544 880 576 939 εί
588 897 637 950 τις
648 871 761 954 ίατρδς
774 871 959 940 ἀσθενοῦσι
984 875 1044 959 μὲν

87 980 156 1042 τοῖς
170 967 360 1050 κάμνουσιν
377 965 488 1034 είσιων
504 965 547 1053 μη
566 972 656 1052 λέγοι
672 971 754 1054 μηδὲ
777 970 925 1038 δεικνύοι
936 964 1023 1037 δι’
995 997 1044 1038 ων
1053 985 1106 1038 308

86 1062 379 1149 ἀποφεύξονται
343 1092 405 1151 την
415 1065 529 1148 νόσον,
540 1069 650 1151 ἐπειδη
663 1067 699 1134 δε
709 1067 914 1153 τελευτήσειέ
922 1094 971 1146 τις
981 1067 1045 1134 αὐ-

85 1169 157 1230 τεόν
173 1165 229 1230 και
244 1188 285 1229 τα
274 1159 500 1247 νομιζόμεν’
498 1160 588 1251 αὐτῷ
594 1166 756 1286 φέροιτο,
779 1161 982 1232 ακολονθων
992 1169 1043 1233 επὶ

85 1259 124 1328 τό
139 1269 252 1346 μνῆμα
274 1255 419 1339 διεξίοι“
429 1265 460 1326 εί
484 1257 521 1326 τὸ
549 1261 604 1326 καὶ
631 1258 668 1327 τό
689 1265 843 1346 ἐποίησεν
863 1262 1044 1347 ἅνθρωπος

91 1356 252 1443 “οὐτοσὶ,
274 1355 337 1424 οὐκ
359 1352 404 1423 ἀν
424 1353 624 1425 ἀπέθανεν.”
659 1359 868 1444 ἐμβρόντητε,
891 1359 960 1427 εἶτα
977 1369 1043 1427 νῦν

86 1462 207 1543 λέγεις,

40 1570 80 1627 m
174 1552 227 1622 Οὐ
237 1560 352 1621 τοίνυν
363 1550 442 1621 οὐδὲ
452 1552 516 1639 την
526 1546 644 1640 ἧτταν,
670 1559 700 1622 εί
714 1554 817 1641 ταύτη
833 1563 976 1642 γαυριᾷς
992 1554 1040 1641 ἐφ’

89 1645 113 1740 ᾖ
123 1657 252 1720 στένειν
263 1643 347 1737 σε,ύ
356 1651 528 1736 κατάρατε,
537 1661 714 1737 προσῆκεν,
723 1656 760 1720 ἐν
770 1651 958 1720 οὐδενὶτων
967 1652 1042 1736 παρ’
1066 1656 1078 1675 “

48 1840 51 1847 Ι
90 1753 162 1843 ἐμοὶ
173 1765 353 1835 γεγονυῖαν
370 1748 525 1837 εὑρήσετε
541 1759 582 1836 τῇ
597 1751 699 1818 πόλει.
734 1747 855 1818 οὐτωσὶ
872 1749 1046 1835 δὲλογίζε-,

57 1880 65 1887 ’
89 1857 164 1916 σθε.
200 1846 353 1934 οὐδαμοῦ
376 1846 519 1933 πώποθ’,
542 1847 844 1936 ὅποιπρεσβευτης
865 1850 1042 1935 ἐπέμφθην

88 1943 146 2032 ὐφ’
160 1943 257 2031 ὑμῶν
268 1947 343 2031 ἐγω,
355 1944 508 2033 ἡττηθεὶς
520 1944 676 2032 ἀπῆλθον
692 1956 761 2015 τῶν
772 1945 861 2031 παρὰ
873 1954 1041 2016 Φιλίππου

88 2047 278 2130 πρέσβεων,
297 2041 359 2112 οὐκ
371 2049 407 2111 ἐκ
418 2052 610 2130 Θετταλίας,
631 2043 694 2114 οὐκ
705 2051 736 2127 ἐξ
746 2043 956 2132 Ἀμβρακίας,
979 2045 1041 2114 οὐκ

88 2146 122 2222 ἐξ
137 2143 321 2224 Ἰλλυριῶν,
333 2139 385 2209 ὀὐ
396 2142 485 2228 παρὰ
496 2151 565 2209 των
576 2151 718 2230 Θρᾳκῶν
729 2145 909 2229 βασιλέων,
930 2141 993 2210 οὐκ
1005 2147 1040 2211 ἐκ

87 2246 287 2324 Βυζαντίου,
305 2237 368 2307 οὐκ
379 2239 525 2307 ἄλλοθεν
536 2239 744 2326 οὐδαμόθεν,
768 2237 809 2306 ού
820 2242 860 2306 τὰ
872 2248 1061 2323 τελευταῖα,

89 2341 127 2405 ἐκ
140 2345 278 2424 Θηβῶν,
301 2334 369 2404 ἀλλ’
387 2340 425 2404 έν
441 2333 489 2415 οἷς
506 2347 704 2422 κρατηθεῖεν
720 2341 755 2403 οί
771 2339 924 2421 πρέσβεις
935 2335 1041 2404 αὐτού

40 2443 134 2524 Ιλότςό
141 2435 244 2524 λόγῳ,
252 2444 356 2502 ταῦτα
368 2450 437 2513 τοῖς
447 2433 562 2514 ὅπλοις
573 2433 929 2517 ἐπιύνκατεστρέφετο.
953 2432 1039 2500 ταῦτ’

88 2525 154 2602 οὐν
171 2530 319 2611 ἀπαιτεῖς
337 2531 410 2616 παρ’
424 2536 507 2618 ἐμοῦ
512 2584 521 2618 ,
544 2536 599 2601 καὶ
616 2531 679 2615 οὐκ
696 2533 844 2617 αίσχύνει
859 2530 920 2599 τὸν
936 2529 1041 2598 αὐτὸν

86 2636 135 2709 εἴς’
151 2656 188 2697 τε
209 2637 374 2715 μαλακίαν
394 2630 556 2698 σκώπτων
580 2633 634 2701 καί
659 2637 717 2716 τῆς
741 2635 908 2701 Φιλίππου
935 2630 1041 2697 δυνά-

85 2753 174 2814 μεως
193 2725 335 2807 ἀξιων“
317 2753 377 2795 ενα
399 2727 481 2797 ὅντα
500 2737 636 2813 κρείττω
664 2730 839 2814 γενέσθαι;
875 2729 931 2795 καὶ
955 2754 1040 2794 ταυ-

85 2852 128 2894 τα
147 2839 218 2904 τοῖς
240 2827 367 2910 λόγοις;
398 2832 489 2905 τίνος
515 2828 579 2913 γάρ
614 2827 719 2895 ἀλλον
745 2827 861 2912 κύριος
886 2851 930 2944 ην
956 2826 1037 2909 ἐγως
1111 2818 1113 2825 ’

69 2921 213 3008 οὐγὰρ
234 2931 292 3008 τῆς
310 2950 348 3008 γε
371 2925 512 2991 εκάστου
540 2934 662 3010 ψυχῆς,
685 2922 764 2991 οὐδε
781 2931 838 3007 τῆς
854 2923 953 3007 τύχης
970 2930 1039 2990 τῶν

87 3024 387 3107 παραταξαμένων,
444 3020 522 3088 οὐδε
556 3031 614 3106 της
647 3027 856 3106 στρατηγίας,
905 3047 946 3104 ης
985 3019 1036 3105 ἔμ’

40 3117 106 3183 *46’
86 3133 236 3241 ἀπαιτεῖς
261 3117 427 3197 εὐθύνας·
461 3117 550 3186 οὕτω
570 3117 684 3196 σκαιὸς
705 3117 741 3185 εί.
791 3116 876 3186 ἀλλά
901 3144 969 3202 μην
991 3143 1040 3183 ων

84 3244 107 3303 γ
126 3242 205 3284 ανο
227 3216 337 3303 ῥήτωρ
360 3215 556 3294 ὑπεύθυνος
574 3227 640 3301 εἴη,
658 3223 768 3283 πᾶσαν
790 3217 935 3294 ἐξέτασιν
955 3213 1040 3308 λύμ-

84 3323 185 3402 βανε
217 3311 260 3381 οὐ
282 3322 513 3398 παραιτοῦμαι.
544 3322 618 3381 τίνα
639 3307 704 3380 οὐν
724 3317 791 3381 ἐστι
811 3335 930 3390 ταυτας
957 3314 1057 3378 ίδεῖν,

85 3410 127 3481 τά
146 3412 322 3498 πράγματα
339 3409 507 3496 ἀρχόμενα
524 3414 578 3479 καὶ
595 3415 841 3499 προαισθέσθαι
859 3410 914 3475 καὶ
926 3432 1040 3494 προει-
