2340 3894
134 192 193 258 158
338 189 411 250 XW.
454 181 871 250 ΔΗΜΟΣΘΕΝΟΤΣ
914 238 918 244 .

130 378 195 431 τως
206 347 249 419 όν
262 346 377 437 ἄρισθ’
391 343 817 435 ήγοῦμαικαλπορισθήναι
826 347 882 413 καὶ
892 363 1086 430 παρασκευ-

131 460 295 538 ασθῆναι·
314 448 487 535 πλήρωσιν
505 445 558 527 δὲ,
582 442 606 530 ή
622 446 678 512 καὶ
689 442 798 530 σαφής
807 448 897 512 ἔσται
907 445 963 512 καί
974 445 1084 530 ῥᾳδία,

129 549 210 639 μετὰ
229 552 334 617 ταῦτα
350 550 445 630 λέγω.
470 539 651 630 ,φημὶτούς
661 539 863 628 στρατηγούς
874 546 944 609 δεῖν
957 545 1141 607 &avez-181

131 675 190 735 μαι
199 647 323 724 τόπους
336 647 415 712 δίκα
427 649 496 710 τῶν
505 647 671 724 νεωρίων,
691 643 919 725 σκεψαμένους
934 637 1026 717 ὅπως
1039 636 1086 718 ῶς

130 741 282 831 ἐγγύτατ’
295 742 447 827 όλλήλων
457 738 540 807 κατά
551 737 710 825 τριάκοντ’
726 731 787 807 ῶσι
798 737 981 822 νεώσοικοι,
994 741 1084 805 ἐπει-

131 842 196 912 δάν
208 844 245 912 δὲ
257 851 355 911 τοῦτο
365 838 541 926 ποιήσωσι,
565 836 627 905 δύο
645 843 830 923 συμμορίας
839 838 894 904 καὶ
903 835 1083 918 τριάκοντα
1102 838 1105 842 ’

88 954 122 1008 23
130 941 274 1029 τριήρεις
286 938 415 1007 τούτων
432 936 560 1024 ἑκάστῳ
577 947 772 1021 προσνεῖμαι
789 943 857 1003 τῶν
867 934 996 1017 τόπων,
1022 932 1081 1002 εἶτ’

130 1043 351 1124 ἐπικληρῶσαι
367 1034 425 1115 τὰς
442 1032 566 1121 φυλάς,
587 1030 649 1102 τόν
659 1032 696 1100 δὲ·
705 1040 879 1119 ταξίαρχον
890 1035 1031 1121 ἕκαστον
1040 1030 1083 1101 δν

129 1133 204 1223 άνή
226 1132 317 1222 φυλή
338 1135 442 1203 τόπον
462 1133 562 1219 λάχη,
591 1135 711 1200 διελεῖν
731 1139 830 1219 τρίχα
844 1134 899 1199 καὶ
919 1129 978 1209 τάς
998 1138 1083 1210 ναῦς

130 1232 302 1318 ὡσαύτως,
323 1229 382 1300 εἶτ’
394 1234 615 1316 ἐπικληρῶσαι
624 1227 683 1308 τάς
695 1237 839 1315 τριττῶς,
857 1229 948 1308 ὅπως
958 1227 1001 1297 άν
1013 1238 1082 1297 τῶν

129 1330 443 1419 μὲνόλωννεωρίων
451 1333 488 1397 δν
497 1329 617 1417 ἑκάστη
626 1321 832 1416 μίροςήτῶν
840 1328 1082 1415 φυλῶν,τοῦδδ

9 1479 17 1492 1
130 1435 252 1518 μέρους
267 1430 409 1500 ἑκάστου
419 1426 457 1498 τό
467 1428 579 1515 τρίτον
588 1425 717 1514 μέροςή
734 1427 862 1513 τριττάς
881 1433 952 1514 ἔχη,
975 1432 1094 1514 εἰδῆτε

130 1529 174 1612 δ’,
197 1530 238 1598 άν
250 1558 280 1598 τι
291 1531 366 1616 δέη,
385 1535 518 1611 πρῶτον
528 1525 589 1612 μὲν
597 1526 661 1612 τήν
673 1525 800 1612 φυλήν,
822 1525 909 1594 ὅπου
919 1530 1081 1614 τέτακται,

128 1627 209 1715 μετὰ
227 1637 330 1695 ταῦτα
348 1624 384 1693 δὲ
401 1623 463 1712 τήν
478 1622 629 1710 τριττύν,
651 1624 719 1693 εἶτα
730 1624 920 1711 τριήραρχοι
929 1631 1016 1705 τίνες
1026 1627 1081 1693 καλ

128 1728 271 1813 τριήρεις
287 1738 394 1809 notat,
416 1726 470 1792 καὶ
489 1721 665 1807 τριάκοντα
681 1723 742 1809 μὲν
757 1721 778 1810 ή
795 1721 903 1810 φυλή,
924 1727 1004 1793 δέκα
1015 1718 1081 1810 δή
1129 1806 1137 1818 Ι

55 1844 64 1861 ’
129 1821 259 1909 τριττῶς
269 1822 389 1908 ἑκάστη
400 1821 543 1907 τριήρεις
553 1829 623 1908 ἔχη..
651 1820 710 1890 ε’άν
724 1820 788 1908 γάρ
800 1821 902 1891 ταῦθ’
916 1821 1024 1902 οὕτως
1035 1830 1081 1901 είς

128 1919 381 2007 ὁδόνκαταστή,
404 1929 436 1988 εί
443 1945 476 1986 τι
484 1922 539 1987 καλ
549 1927 793 2007 παραλείπομεν
804 1929 870 1990 νῦν
881 1923 1004 2008 (πάντα
1014 1919 1081 2008 γάρ

130 2030 209 2098 ἴσως
218 2015 330 2100 εὑρεῖν
337 2017 379 2084 οὐ
388 2017 529 2107 ῥηίδιον),
538 2016 620 2087 αότδ
628 2018 665 2087 τό
674 2029 809 2106 πρᾶγμα
818 2022 925 2110 ἑαυτῷ
935 2017 1079 2107 εὑρήσει,

128 2119 184 2185 καλ
192 2122 250 2201 μία
260 2114 412 2195 σύνταξις
420 2119 475 2184 καὶ
483 2124 600 2184 πασῶν
609 2125 678 2185 τῶν
686 2126 775 2187 νεῶν
784 2121 839 2187 καὶ
847 2122 969 2206 μέρους
980 2125 1079 2191 ἔσται.

81 2246 117 2297 24
206 2212 301 2298 ’Υπὲρ
320 2217 355 2283 δὲ
370 2213 547 2302 χρημάτων
562 2218 616 2286 καλ
632 2217 740 2302 πόρου
755 2226 907 2306 φανεροῦ
916 2217 1080 2309 τινόςήδη

128 2313 317 2400 παράδοξον
326 2311 387 2400 μὲν
397 2311 471 2383 οἶδα
481 2315 586 2401 λόγον
594 2319 722 2402 μέλλων
733 2321 857 2406 λέγειν,
879 2318 1013 2406 όμωςδ’
1031 2327 1075 2389 εί-

127 2413 276 2499 ρήσεται·
298 2413 443 2481 πιστεύω
458 2415 540 2500 γάρ,
563 2417 624 2483 ἐάν
640 2443 688 2496 τις
705 2414 818 2500 ὀρθῶς
833 2424 955 2506 σκοπή,
976 2419 1080 2504 μόνος

125 2509 257 2599 τάληθή
273 2515 330 2580 καὶ
345 2512 386 2580 τά
401 2513 607 2599 γενησόμενα
628 2513 768 2602 είρηκῶς
788 2525 977 2602 φανεῖσθαι.
1011 2515 1078 2603 ἐγῶ
1107 2596 1112 2605 ⁵

126 2637 210 2696 φημι
221 2620 339 2697 χρῆναι
349 2611 392 2697 μή
405 2617 512 2696 λέγειν
522 2616 598 2684 νυνὶ
607 2616 683 2696 περὶ
699 2614 887 2702 χρημάτων·
912 2612 1086 2699 εἶναιγὰρ,

125 2707 247 2794 πόρου,
260 2703 304 2775 άν
313 2709 381 2796 δίη,
394 2712 498 2794 μέγαν
508 2713 565 2778 καὶ
574 2710 678 2779 καλόν
688 2716 743 2782 καλ
754 2719 897 2795 δίκαιον,
910 2711 951 2781 ὃν
962 2712 1006 2781 άυ
1016 2715 1078 2798 μὲν
1109 2788 1112 2793 ,

124 2804 187 2892 ήδη
199 2811 361 2892 ζητῶμεν,
379 2805 455 2875 οὐδ’
468 2812 513 2886 είς
523 2806 600 2875 τόθ’
613 2807 774 2896 ὑπάρχειν
784 2809 968 2898 ἡγησόμεθ’
981 2808 1076 2896 ἡμῖν·
1122 2870 1124 2873 ,

123 2901 213 2970 οὕτω
225 2903 311 2971 πολι)
323 2911 386 2972 τοῦ
396 2915 530 2992 πορίσαι
540 2914 607 2975 νῦν
617 2905 862 2995 ἀποσχήσομεν·
885 2907 945 2978 ἐὰν
962 2907 993 2976 δ’
1014 2911 1076 2977 ἐῶ-

35 3083 38 3087 .
123 3025 202 3086 μεν,
225 3005 325 3067 ἔσται.
359 3009 407 3082 τίς
430 2996 494 3072 οὖν
514 3001 591 3073 ἔσθ’
613 2998 711 3087 οὗτος
732 3006 749 3077 ό
773 3016 839 3074 νῦν
859 3007 920 3093 μὲν
935 3005 999 3075 οὐκ
1017 3003 1075 3092 ῶν,

123 3096 280 3183 ὑπάρξων
297 3097 329 3167 δ’
347 3107 394 3181 είς
409 3103 498 3184 τότε;
521 3110 686 3190 αἰνίγματι
702 3104 768 3191 γάρ
787 3104 905 3191 όμοιον
918 3104 1019 3175 τοῦτό
1028 3130 1075 3190 γε.
1085 3118 1127 3174 18⁵

76 3216 111 3268 25
122 3199 187 3284 ίγῶ
198 3196 325 3284 φράσω.
349 3195 446 3287 ὁρᾶτε
457 3201 520 3289 τήν
530 3203 639 3287 πόλιν,
652 3196 679 3271 ῶ
690 3203 810 3290 ἄνδρες
818 3201 999 3290 Ἀθηναῖοι,
1010 3209 1077 3270 τά·

122 3317 186 3365 σαν
205 3304 350 3384 ταυτηνί.
383 3302 420 3366 ἐν
440 3301 543 3389 ταύτῃ
563 3299 702 3388 χρήματ’
727 3308 854 3370 ἔνεστιν
875 3299 991 3386 ὀλίγον
1012 3303 1075 3368 δέω

120 3397 204 3483 πρὸς
214 3395 413 3478 ἁπάσας-τάς
423 3397 525 3480 ἄλλας
536 3407 641 3470 εἰπεῖν
651 3402 771 3481 πόλεις.
804 3407 908 3469 ταῦτα
924 3397 957 3467 δ’
975 3403 1011 3468 οί
1018 3424 1076 3467 κε-
