2340 3894
127 189 168 254 εε
322 192 391 254 vm.
421 188 880 285 Ammommmmomx
921 222 923 227 ι

127 348 169 436 νὴ
181 347 236 418 Δί’
251 347 380 436 ἀνάγκη
391 374 441 429 τις
450 340 483 437 ᾗ.
505 345 573 416 ἀλλ’
586 345 701 436 ἣνμεν
711 347 754 416 άν
763 376 811 429 τις
820 352 1010 437 ἐλευθέρων
1021 347 1085 419 άν-

127 449 279 535 θριίπων
290 447 442 534 ἀνάγκην
453 457 550 533 είποι,
562 445 604 514 ού
615 448 725 533 μόνον
734 448 798 535 ἤδη
810 450 985 533 πάρεστιν,
997 447 1084 517 ἀλλά

127 551 182 616 καὶ
193 549 296 617 πάλαι
307 547 529 634 παρελήλυθε,
536 546 597 633 την
607 545 646 614 δὲ
655 556 724 616 των
735 548 867 616 δούλων
879 545 1086 633 ἀπεύχεσθαι

128 648 238 735 δήπου
248 675 292 735 μη
281 649 463 733 γενέσθαι
475 651 531 715 δεῖ
562 651 711 730 διαφέρει
721 646 758 715 δὲ
767 645 848 725 τί
829 673 880 714 οτι
890 649 979 715 ἐστιν
989 648 1085 714 ἑλεν-

127 751 218 838 θίρφ
229 745 320 833 μὲν’
302 746 473 835 ανθρύπφ
480 750 612 831 μεγίστη
625 741 752 831 ἀνάγκη
764 773 785 831 η
772 743 880 827 ’ὑπὲρ
890 751 958 811 τῶν
968 771 1085 829 γιγαο·

127 851 238 933 μένων
249 847 399 932 ἀίσχύνη,
411 847 466 913 καὶ
476 849 572 929 μείζω
583 843 705 930 ταύτης
716 841 780 912 ούιτ
792 840 887 912 ολιί”
864 839 966 929 ηντιν’
979 837 1024 910 άν
1036 852 1084 911 εί-

127 970 184 1014 ποι
193 971 255 1024 τις
278 943 388 1030 δούλω
401 944 436 1012 m
447 947 567 1028 πληγαὶ
578 941 661 1011 καλά
680 951 743 1010 τού
753 944 906 1029 σωματος
920 939 1083 1026 αίκισμός

127 1045 148 1112 ά
158 1044 238 1132 μήτε
247 1048 375 1129 γίνοιτο
388 1041 465 1110 ούτε
476 1044 584 1126 λέγειν
595 1040 697 1120 ἀξιον.

84 1178 118 1230 52
211 1144 328 1215 Πάντα
339 1148 456 1210 τοίνυν
466 1137 552 1208 τᾶλλ’
562 1134 698 1208 damst
676 1166 720 1206 αν
731 1138 844 1224 ἡδέως,
857 1139 913 1206 καὶ
925 1135 1061 1217 ὅείξας“
1041 1162 1096 1206 ον·

127 1242 254 1326 τρόπον
267 1241 352 1328 ὑμᾶς
364 1247 447 1309 ἔνιοι
456 1239 781 1320 καταπολιτεύονται,
798 1237 838 1304 τά
857 1235 918 1322 μὲν
929 1233 1014 1303 ἀλλα
1025 1235 1082 1303 ἐά-

127 1360 174 1407 σω
184 1366 191 1379 ·
202 1336 270 1407 ἀλλ’
284 1339 419 1407 ἐπειδάν
430 1364 461 1405 τι
471 1347 540 1406 τῶν
550 1335 632 1423 πρὸς
644 1343 809 1406 Φίλιππον
820 1338 962 1422 ἐμπέσῃ,
975 1332 1082 1412 εύθύς

128 1437 272 1516 ἀναστάς
282 1464 331 1516 τις
341 1439 429 1522 λέγει
439 1434 476 1505 τὸ
495 1434 557 1522 τὴν
574 1434 816 1522 είρηνηνάγειν
827 1430 1016 1517 άςάγαθὸν
1027 1435 1082 1501 καὶ

128 1536 163 1605 τὸ
175 1540 311 1623 τρέφειν
321 1536 465 1621 δύναμιν
474 1535 624 1620 μεγάλην
634 1531 677 1612 ἀς
686 1531 841 1618 χαλεπὸν,
854 1527 1082 1614 καὶ“ὃιαρπά-

122 1633 211 1716 “ζειν
225 1635 310 1713 τινὲς
327 1633 367 1701 τά
383 1633 531 1719 χρήματα
548 1630 742 1719 βούλονταί
761 1634 815 1699 καὶ
832 1630 1005 1710 τοιούτους
1022 1632 1082 1699 λό-

124 1759 216 1820 γους,
229 1737 261 1830 ἐξ
273 1725 322 1799 άν
333 1732 558 1818 ἀναβάλλουσι
567 1731 629 1817 μὲν
640 1729 735 1817 ὑμεῖς,
753 1728 895 1817 ἡσυχίαν
913 1731 949 1799 δὲ
960 1739 1081 1799 ποιού-

82 1855 116 1909 53
125 1851 179 1900 σιν
191 1836 304 1920 ἐκείνῳ
316 1832 471 1918 πράττειν
482 1829 503 1897 ὅ
512 1858 543 1897 τι
553 1831 717 1916 βούλεται.
745 1834 782 1897 εἰι
798 1831 834 1896 δὲ
844 1829 975 1897 τούτων
984 1852 1081 1912 περι-

100 1967 102 1971 ·
124 1936 270 2015 γίγνεται
281 1927 361 2014 ύμῖν
371 1926 462 2014 μὲνὴ
473 1927 573 2014 σχολὴ
591 1932 647 1998 καὶ
663 1928 700 1998 τὸ
718 1930 820 2015 μηδὲν
835 1927 898 2015 ἤδη
916 1943 1040 2014 ποιεῖν,
1058 1925 1125 1996 ἀλλ

125 2026 240 2112 δέδοιχ’
254 2028 344 2106 ὅπως
354 2023 660 2114 μήποθήγήσεσθε
678 2031 731 2096 ἐπὶ
743 2036 856 2115 πολλῷ
865 2035 1080 2113 γεγενῆσθαι,

13 2135 19 2148 ’
123 2124 254 2204 τούτοις
271 2124 302 2192 δ’
324 2130 361 2193 αλ
373 2126 501 2210 χάριτες
516 2129 572 2194 καὶ
587 2124 606 2193 ὁ
624 2125 775 2213 μισθύςύ
793 2128 932 2195 τούτων.
967 2124 1033 2210 ἐγύ
1045 2121 1077 2196 δ’

123 2220 215 2308 οἶμαι
237 2225 299 2311 την
318 2228 378 2310 μὲν
390 2225 525 2311 εἰρήνην
537 2225 632 2310 ἀγειν
642 2224 704 2312 ούγ
716 2224 803 2311 ὑμᾶς
814 2230 884 2293 δεῖν
894 2225 1040 2310 πείθειν,
1048 2229 1084 2292 οἳ

124 2327 334 2409 πεπεισμένοι
345 2322 509 2409 κάθησθε,
519 2323 602 2398 ἀλλὰ
613 2322 673 2391 τάν
684 2322 724 2391 τά
741 2331 803 2391 τοῦ
815 2327 962 2407 πολέμου
973 2322 1081 2406 ’πράτ-

81 2443 238 2495 54τοντα·
250 2417 294 2489 ἀν
303 2420 367 2507 γάρ
379 2425 503 2500 ἐκεῖνος
513 2432 646 2510 πεισθῇ,
654 2424 694 2490 τά
704 2420 732 2509 γ’
745 2415 800 2507 ἀφ’
813 2420 910 2507 ὑμῶν
921 2417 1077 2506 ὑπάρχω·

123 2526 267 2614 νομίζειν
279 2517 312 2587 δ’
327 2519 411 2587 εἶναι
427 2519 552 2604 χαλεπά
570 2519 630 2605 ούχ
647 2518 696 2589 ύά
714 2517 817 2599 ἀνείς
834 2533 1001 2605 σωτηρίαν
1017 2526 1078 2588 δα»

121 2625 290 2702 πανωμεν,
312 2614 416 2684 ἀλλ”
395 2644 415 2684 α
437 2619 637 2704 πεισόμεθα,
658 2615 703 2686 ἀν
727 2627 831 2687 ταῦτα
846 2647 890 2706 μη
880 2618 1079 2706 ἐθελωμεν

41 2764 45 2773 -
121 2729 244 2782 ποιεῖν·
257 2719 311 2782 και
322 2741 359 2782 το
371 2713 724 2800 ἀιαρπασθνσεται
687 2745 728 2784 τα
738 2743 885 2803 χρηματα
894 2715 956 2806 ’τῳ
943 2725 1079 2802 φυλα-

121 2838 185 2896 ιιην
203 2817 330 2900 εἰπεῖν,
340 2805 437 2896 δίης
456 2813 661 2900 σωθήσεται,
685 2816 837 2897 κωλύειν,
861 2812 935 2901 ούχλ
953 2823 999 2904 τῷ
1014 2823 1075 2883 τοτ’

75 2938 110 2991 55
121 2913 365 3030 συμφέροντος
369 2907 563 2997 ἀφεστάναι.
596 2920 703 2981 ααίτοι
721 2911 845 3040 ἔγωγ’
825 2940 1004 2999 αγαναιιτω
991 2917 1077 2982 καί

120 3033 202 3075 αντο
213 3032 322 3093 τουτο,
338 3001 511 3096 ωανύρες
504 3018 724 3098 Αθηναιοι,
731 3038 771 3080 τα
782 3013 843 3098 μεν
853 3039 1004 3099 χρηματα
1014 3020 1077 3080 λυ·

119 3120 177 3174 πεί
187 3105 279 3186 τινάς
296 3106 439 3229 ύμῶν,ε
440 3107 797 3198 ίδιαρπασθησεται,
783 3138 804 3177 α
799 3109 877 3178 καὶ
893 3111 1076 3195 φυλάττειν

118 3208 173 3274 καί
181 3205 333 3286 κολαζειν
342 3234 422 3286 τους
432 3207 632 3289 αάιιτουντας
643 3210 692 3296 ἐφ
705 3209 785 3294 υμῖν
796 3213 875 3293 εστι,
886 3208 993 3297 τηνιλ
1001 3208 1076 3278 Ἑλ-

118 3304 202 3374 λάδα
218 3311 328 3372 πᾶσαν
345 3309 462 3393 ἐφεξῆς
472 3307 594 3391 οὑτωσὶ
606 3316 767 3387 Φίλιππος
784 3306 941 3392 ἁρπάζων
959 3307 1001 3376 ού
1011 3319 1076 3379 λυ-

117 3419 179 3488 πεῖ,
192 3400 346 3475 ταί-ταῦτ’
359 3402 408 3488 ἐφ’
421 3404 509 3492 ὑμᾶς
518 3406 682 3491 ἁρπάζων.
770 3457 773 3461 .
