2340 3894
138 183 201 249 276
339 190 434 248 xvuL
467 183 892 247 ΔΗΜΟΣΘΕΝΟΤΣ

140 354 202 415 τοῦ
212 342 492 432 κατορθοῦντούς
502 341 765 429 ἀγωνιζομένους
776 341 923 430 ἀνέθηκε
942 342 1097 429 δύναμιν,

141 441 225 513 ἀλλὰ
235 459 303 525 τοῖς
314 454 414 523 θεοῖς.
444 450 479 511 τί
487 435 559 528 οὖν,
578 435 606 509 οδ
616 439 782 528 κατάρατ’,
803 446 874 529 ἐμοὶ
885 446 961 531 περὶ
972 442 1098 511 τούτων

142 549 297 630 λοιδορεῖ,
313 545 368 612 καὶ
379 547 483 628 λέγεις
494 539 515 610 ἃ
526 545 579 609 σοὶ
589 543 645 609 καὶ
654 556 723 619 τοῖς
735 556 804 620 σοῖς
814 547 849 610 οί
858 544 934 609 θεοὶ
943 543 1100 628 τρέψειαν

143 648 188 722 είς
199 644 365 730 κεφαλήν;

80 758 133 815 291
224 742 340 810 Πολλά
349 747 483 826 τοίνυν,
503 731 848 824 οἷάνδρεςἉθηναῖοι,
856 741 912 806 καὶ
922 737 1009 806 άλλα
1023 761 1101 804 κατ-

140 839 345 925 ηγορηκότος
357 837 463 906 αὐτοῦ
472 839 528 905 καὶ
539 840 828 922 κατεψευσμένου,
853 833 982 923 μάλιστ’
994 835 1100 904 έθαά-

141 957 231 1024 μασα
248 937 401 1019 πάντων,
425 935 477 1003 ὅτι
493 943 562 1001 τῶν
578 934 841 1022 συμβεβηκότων
856 933 932 1002 τότε
949 941 991 1022 τῇ
1008 932 1100 1001 πόλει

141 1036 303 1120 μνησθεὶς
319 1032 379 1118 οὐχ
398 1031 442 1111 ως
459 1028 504 1100 άν
520 1030 641 1112 εὔνους
658 1035 714 1100 καὶ
733 1038 858 1111 δίκαιος
875 1040 1014 1118 πολίτης
1030 1036 1099 1152 ἔσχε

140 1130 203 1217 τήν
212 1130 360 1219 γνώμην,
373 1128 449 1200 οὐδ’
463 1131 659 1218 έδακρνσεν,
668 1129 742 1200 ονδ
757 1139 863 1201 επαθε
873 1158 1033 1202 τοιουτου
1044 1155 1099 1196 ου-

54 1232 59 1255 ⁸
142 1228 250 1298 διν
209 1256 249 1318 τη
267 1237 374 1318 ψυχή,
392 1227 460 1299 ἀλλ’
474 1228 649 1316 ἐπάρας
612 1257 676 1317 την
688 1257 807 1316 φωνην
817 1257 873 1298 και
861 1225 1143 1316 γεγηθαδςιινδλλλ

140 1328 392 1420 λαρυγγίζων”
365 1354 446 1397 ωετο
463 1330 525 1416 μὲν
535 1332 618 1416 ἐμοῦ
630 1343 825 1415 κατηγορεῖν
837 1327 1012 1413 δηλονότι,
1035 1329 1099 1393 διν

141 1426 251 1514 γμαδ’
259 1430 391 1516 ἐξέφερε
403 1426 505 1496 καθ’
488 1435 610 1496 εαυτοῦ
620 1427 672 1495 ὅτι
682 1443 750 1506 τοῖς
760 1430 995 1512 γεγενημένοις
1007 1421 1097 1492 άνια-

19 1541 27 1558 ‘
79 1543 134 1600 2⁹2
143 1523 325 1614 ροῖςονδὲν
336 1525 457 1613 ομοίως
467 1531 539 1612 ἔσχε
551 1542 618 1604 τοῖς
629 1525 749 1603 αλλοις.
772 1531 879 1592 καιτοι
890 1550 952 1592 τον
963 1549 1033 1590 των
1043 1547 1098 1590 νοτ

142 1652 214 1712 μων
231 1628 287 1694 καὶ
304 1635 362 1713 τής
382 1633 545 1704 πολιτείας
568 1626 740 1711 φάσκοντα
762 1627 967 1710 φροντιζειν,
990 1617 1097 1703 ὥσπερ

143 1717 241 1803 οὗτος
251 1728 339 1811 νυνὶ,
351 1729 405 1793 καὶ
417 1731 447 1793 εί
456 1725 560 1811 μηδὲν
573 1723 665 1810 άλλο,
678 1721 778 1791 τοῦτό
790 1720 818 1806 γ’
830 1726 916 1806 ἔχειν
929 1724 999 1805 δεῖ,
1020 1715 1098 1786 ταῦ-

23 1816 29 1837 ”
142 1820 183 1888 τὰ
200 1831 379 1890 λυπεῖσθαι
395 1825 451 1890 καὶ
467 1821 570 1890 ταύτά
587 1831 722 1908 χαίρειν.
729 1831 797 1898 τοῖς
807 1825 962 1905 πολλοῖς,
984 1821 1041 1884 καὶ
1057 1814 1097 1903 μή

142 1926 185 2004 τή
201 1923 474 2006 προαιρέσειτων
490 1929 615 1988 κοινῶν
632 1925 670 1988 ἐν
686 1929 733 2010 τῷ
750 1927 817 1986 τῶν
837 1921 1001 1985 ἐναντίων
1012 1921 1097 2004 μέρει

142 2015 313 2100 τετάχθαι·
326 2015 398 2085 δσύ
409 2021 486 2085 νυνὶ
496 2016 683 2104 πεποιηκώς
695 2017 725 2085 εἷ
736 2014 891 2104 φανερὸς,
899 2015 957 2102 ἐμὲ
967 2017 1097 2084 πάντων

142 2123 248 2181 αἴτιον
263 2115 318 2182 καὶ
331 2113 370 2181 δι’
383 2118 439 2201 ἐμὲ
454 2122 499 2195 είς
515 2111 691 2204 ’πράγματα
711 2117 852 2202 φάσκων
868 2119 1025 2208 ἐμπεσεῖν
1041 2110 1097 2198 τήν

142 2210 256 2298 πόλιν,
278 2210 341 2280 οὐκ
358 2210 424 2281 άπὸ
437 2222 494 2300 τής
511 2218 589 2302 ἐμης
606 2223 771 2293 πολιτείας
788 2211 867 2281 οὐδε
878 2216 1097 2299 προαιρέσεως

81 2307 371 2398 ρςςάρξαμένων
352 2339 449 2399 υμων
465 2327 533 2393 τοῖς
544 2312 678 2400 Ἕλλησι
694 2321 852 2401 βοηθεῖν,
872 2315 943 2380 ἐπεὶ
961 2311 1062 2398 έμοιγ
1074 2311 1099 2376 εί

140 2418 239 2477 τοῦτο
252 2414 367 2498 δοθείη
381 2407 455 2497 παρ’
470 2408 582 2498 ὑμῶν,
605 2410 643 2480 δι’
656 2410 741 2498 gp&
723 2438 810 2497 υμας
819 2409 1053 2496 ηναντιωσθαι
1062 2434 1096 2496 τη

141 2506 225 2575 κατὰ
242 2535 311 2576 των
323 2507 526 2596 Ελλήνων
506 2537 589 2598 αρχη
606 2515 828 2598 πραττομένη,
851 2505 1013 2595 μείζων’“
989 2537 1034 2578 αν
1044 2515 1097 2578 δο-

141 2613 217 2690 θείη
232 2606 339 2693 δωρεά
355 2617 540 2695 συμπασῶν
551 2603 677 2690 αυτοῖς
690 2609 803 2690 ἄλλοις
820 2610 998 2678 δεδοίκατε.
1031 2602 1094 2677 αλλ’

143 2701 215 2769 οὔτ’
235 2701 278 2771 άν
295 2704 358 2790 ἐγώ
377 2714 481 2774 ταῦτα
499 2709 640 2796 φήσαιμι
658 2708 824 2794 (άδικοίην
839 2706 906 2796 γάρ
926 2703 972 2775 άν
987 2704 1105 2795 ὑμᾶς),

142 2799 215 2868 οὔτ’
236 2797 281 2867 άν
300 2800 395 2886 ὑμεῖς
413 2799 453 2871 εὖ
468 2805 539 2889 οἷδ’Ι
551 2806 603 2875 ὅτι
621 2806 884 2894 συγχωρήσαιτε·
909 2798 1012 2885 οὗτός
1028 2804 1059 2873 τ’
1074 2809 1099 2873 εί

142 2902 252 2966 δίκαια
262 2902 373 2987 ἐποίει,
388 2899 450 2970 οὐκ
461 2898 505 2970 άν
516 2905 613 2972 ἕνεκα
623 2914 682 2992 τής
694 2907 778 2991 πρὸς
789 2905 843 2992 ἐμὲ
856 2910 980 2991 ἔχθρας
992 2904 1034 2974 τά
1045 2908 1097 2993 μέ-

140 3015 236 3082 γιστα
247 3007 315 3067 τῶν
326 2996 496 3087 ὑμετέρων
509 3011 622 3071 καλῶν
634 3010 774 3091 ἔβλαπτε
786 3005 840 3072 καὶ
855 3007 1039 3091 διέβαλλεν.

77 3110 132 3167 294
219 3095 317 3166 Ἀλλά
329 3105 363 3167 τί
370 3099 462 3168 ταῦτ’
471 3104 614 3189 έπιτιμοῖ
620 3154 630 3187 ,
653 3109 765 3194 πολλῷ
782 3102 1000 3188 σχετλιάτερα
1017 3103 1097 3171 ἄλλα

139 3198 402 3283 κατηγορηκότος
414 3198 518 3268 αὐτοῦ
529 3204 584 3270 καὶ
595 3205 881 3289 κατεψευσμένους
895 3197 931 3280 ὃς
941 3200 1007 3289 γάρ
1018 3206 1098 3290 ἐμοῦ

139 3295 376 3383 φιλιππισμδν,
430 3307 474 3385 γῆ
484 3301 644 3388 καλθεοὶ,
662 3314 854 3388 κατηγορεῖ,
876 3308 912 3370 τί
923 3293 1026 3382 οὗτος
1037 3300 1101 3372 οὐκ·
1130 3372 1133 3377 .

139 3391 183 3462 δν
201 3405 305 3477 εἴποις
327 3404 433 3467 καίτοι
452 3396 494 3486 νή
512 3398 572 3468 τὸν
585 3399 747 3490 Ἡρακλέα
765 3402 825 3470 καλ
837 3400 966 3482 πάντας
983 3403 1095 3488 θεοὺς,
