2340 3894
296 208 444 271 ΠΕΡΙ
465 207 575 269 ΤΗΣ
593 208 848 271 ΕΙΡΗΝΗΣ.
1014 206 1057 271 53

93 379 249 457 βοηθεῖν,
263 366 306 436 ού
317 367 651 453 συνεπιστρατεύσειν
663 367 858 453 οὐδετέροις.
881 372 936 438 καὶ
946 366 1011 454 γὰρ
1021 375 1059 438 αῖ

95 472 280 554 συμμαχίαι
289 472 412 534 τοῦτον
421 469 534 550 ἔχουσι
543 466 605 532 τόν
615 466 759 551 τρόπον,
779 458 827 534 όν
844 468 900 534 καὶ
917 480 1056 553 φροντῖ-

56 593 86 646 17
97 589 188 636 σειεν
198 565 313 648 ἄντις,
324 566 380 632 καὶ
390 562 428 632 τό
440 571 576 650 πρᾶγμα
587 563 688 649 φύσει
705 565 860 633 τοιοῦτόν
871 569 970 633 ἐστιν.
992 563 1056 634 ούκ

97 667 173 753 ἄχρι
184 674 243 752 τῆς
253 675 326 752 ῖσης
335 664 476 743 ἕκαστός
486 667 576 732 ἐστιν
587 664 708 743 εύνους
718 663 794 731 οὔθ’
805 662 887 749 ἡμῖν
897 663 974 733 ούτε
986 674 1056 751 Θη-

93 774 215 853 βαίοις,
228 773 308 850 [σῶς
317 791 353 832 τε
363 763 446 833 εἶναι
457 765 512 831 καὶ
522 778 657 847 κρατεῖν
667 769 736 830 τῶν
746 761 880 848 ἄλλων]
892 761 978 831 ἄλλα
989 772 1056 843 σοῖς

93 857 156 951 μὲν
168 864 254 932 εἶναι
265 864 386 942 πάντες
394 858 439 929 δὶν
449 862 626 948 βούλοιντο
638 857 718 946 ἕνεχ’
731 859 854 947 αὐτῶν,
866 863 1056 949 κρατήσαν-
1109 868 1113 873 ’

93 990 152 1043 τας
163 962 202 1030 δὲ
212 960 292 1040 τούς
303 963 435 1046 ἐτέρους
445 961 609 1039 δεσπότας
616 960 778 1046 ὑπάρχειν
789 958 1053 1042 αύτῶνούδέεἷς.

93 1071 127 1132 τί
134 1055 201 1131 οὖν
210 1060 358 1149 ἡγοῦμαι
369 1059 518 1147 φοβερόν
532 1064 588 1129 καὶ
603 1068 639 1130 τί
645 1049 860 1148 φυλάξασθαι
870 1066 942 1129 δεῖν
951 1059 1053 1148 ήμᾶςς

95 1161 189 1240 ὅπως
199 1159 245 1247 μή
261 1158 381 1246 κοινήν
398 1160 569 1245 πρόφασιν
582 1162 638 1227 καὶ
654 1158 771 1227 κοινόν
781 1166 928 1247 ἔγκλημα
946 1157 1055 1244 ὁμόλ-

61 1279 89 1334 18
97 1272 167 1331 λων
179 1262 324 1347 πόλεμος
334 1257 418 1346 πρὸς
434 1257 583 1336 ἅπαντας
599 1259 693 1346 λα’βη.
724 1263 755 1325 εέ
770 1257 833 1344 γὰρ
843 1257 981 1344 Ἀργεῖοι
992 1259 1055 1345 μὲν

96 1364 152 1430 καῖ
162 1360 353 1448 Μεσσήνιοι
370 1360 425 1426 καὶ
435 1366 707 1444 Μεγαλοπολῖται
722 1363 782 1423 καί
794 1383 880 1435 τινες
897 1367 965 1425 τῶν
982 1367 1054 1426 λοι-

96 1468 171 1527 πόν
188 1462 489 1543 Πελοποννησίων,
511 1455 586 1525 ὅσοι
602 1453 706 1523 ταύτό
724 1454 854 1534 τούτοις
875 1465 1052 1541 φρονοῦσι,

96 1558 150 1626 διὰ
168 1556 232 1643 τήν
248 1556 334 1642 πρὸς
344 1562 630 1643 Λακεδαιμονίους
649 1554 729 1642 ἡμῖν
750 1559 983 1642 ἐπικηρυκείαν
1000 1559 1056 1642 ἐχ·

95 1664 192 1743 θροῖς
201 1656 365 1742 σχήσουσι
380 1658 436 1724 καὶ
448 1654 485 1724 τδ
505 1660 617 1722 δοκεῖν
632 1657 829 1740 ἐκδέχεσθαί
840 1682 873 1722 τι
887 1664 956 1723 τῶν
967 1659 1054 1724 ἐκεῖ·

95 1783 168 1836 νοις
178 1758 434 1840 πεπραγμένων,
442 1763 582 1841 θηβαῑοι
593 1752 624 1820 δ’
632 1760 743 1839 έχουσι
750 1756 821 1839 μὲν,
830 1752 874 1832 ὦς
885 1757 1054 1838 λέγουσιν,

96 1853 271 1941 ἀπεχθῶς,
289 1858 337 1921 ἐτι
348 1851 380 1921 δ’
392 1856 596 1939 ἐχθροτέρως
608 1853 804 1941 σχήσουσιν,
827 1852 878 1922 ότι
889 1851 968 1931 τούς
979 1848 1054 1937 παρ’

97 1957 239 2022 ἐκείνων
261 1952 450 2038 φεύγοντας
471 1954 619 2040 σώζομεν
640 1957 695 2022 καὶ
719 1954 828 2022 πάντα
847 1953 973 2040 τρόπον
992 1950 1056 2039 τήν

64 2065 91 2119 19
101 2058 304 2139 δυσμένειαν
313 2049 540 2138 ἐνδεικνύμεθ’
555 2049 676 2138 αὐτοῖς,
691 2043 848 2121 Θετταλοὶ
859 2052 904 2138 δ’,
916 2051 967 2121 ὅτι
978 2050 1057 2130 τούς

102 2153 251 2220 Φωκέων
261 2151 416 2236 φυγάδας
426 2151 582 2237 σώζομεν,
588 2158 756 2229 ΙΦίλιππος
768 2151 796 2218 δ’
800 2202 809 2237 ,
822 2151 872 2220 ὅτι
883 2150 1058 2236 κωλύομεν

98 2252 204 2322 αὐτόν
211 2264 390 2320 κοινωνεῖν
399 2258 457 2336 τής
468 2248 719 2336 ἀμφικτυονίας,
733 2255 903 2335 φοβοῦμαι
913 2246 957 2344 μή
970 2249 1056 2314 πόν-
1064 2261 1099 2314 62

98 2379 150 2432 τες
170 2352 339 2434 περὶτῶν
362 2353 456 2416 ἰδίων
476 2351 615 2426 ἕκαστος
633 2344 845 2432 ὀργιζόμενος
865 2346 981 2413 κοινὸν
1005 2342 1055 2429 ἐφ’

98 2446 418 2539 ήμᾶςόγόγωσιτόν
428 2448 586 2534 πόλεμον,
604 2444 645 2513 τὰ
656 2454 725 2513 τεόν
734 2443 986 2532 Ἀμφικτυόνων
997 2443 1058 2511 δό-

98 2574 206 2636 γματα
217 2544 504 2634 προστησάμενοι,
523 2544 574 2614 εἶτ’
588 2548 843 2614 ἐπισπασθῶσιν
853 2545 985 2610 ἔκαστοι
996 2547 1058 2610 πέ-

101 2675 141 2735 ρα
154 2654 222 2717 τοῦ
240 2646 471 2731 συμφέροντος
488 2641 713 2730 ἕαυτοῖςήμῖν
726 2650 925 2728 πολεμῆσαι,
945 2640 1057 2725 ὥσπερ

66 2753 152 2816 mal
161 2747 241 2834 περὶ
253 2749 398 2824 Φωκέας.
433 2754 501 2812 ῖστε
512 2746 575 2829 γὰρ
594 2744 704 2830 δήπου
719 2739 826 2827 τοῦθ’,
844 2741 896 2810 ότι
910 2748 977 2809 νῦν
988 2748 1057 2827 Θη-

10 2866 12 2871 ’
98 2854 186 2932 βαῖοι
203 2848 262 2914 καὶ
279 2850 443 2922 Φίλιππος
464 2846 519 2910 καὶ
538 2844 695 2910 Θετταλοὶ
711 2838 785 2926 ούχὶ
802 2838 906 2908 ταύτόι
926 2841 1058 2907 ἕκαστοι

10 2940 12 2947 ’
98 2948 241 3030 μάλιστα
264 2943 510 3021 ἐσπουδακότες
530 2939 635 3010 ταύτὰ
658 2941 780 3018 πάντες
800 2944 961 3024 ἔπραξαν,
984 2933 1058 3008 οἷον

100 3053 240 3133 ,θηβαῖοι
255 3044 317 3113 τόν
333 3043 395 3130 μὲν
414 3049 580 3111 Φίλιππον
598 3048 781 3128 παρελθεῖν
797 3040 852 3106 καὶ
869 3045 984 3124 λαβεῖν
1000 3037 1059 3115 τὰς

100 3144 269 3233 παρόδους
279 3140 344 3211 ούκ
361 3141 522 3210 ἐδύναντο
539 3147 703 3224 κωλῦσαι,
726 3137 806 3206 ούδέ
818 3165 857 3224 γε
868 3146 935 3206 τόν
947 3135 1059 3214 αὐτοῖς

64 3259 92 3312 21
101 3243 341 3329 πεπονημένων
352 3241 497 3321 ὕστατον
507 3238 651 3309 ἐλθόντα
666 3237 730 3324 τὴν
743 3237 845 3317 δόξαν
861 3241 963 3321 ἔχειν·
982 3235 1060 3301 νυνὶ

100 3343 163 3427 γὰρ
174 3347 335 3428 θηβαέοις
345 3339 429 3427 πρὸς
445 3340 507 3426 μέν
523 3338 560 3407 τὸ
572 3337 634 3424 τήν
644 3337 758 3424 χώραν
768 3344 967 3421 κεκομίσθαι
977 3329 1060 3397 κόλ-

102 3449 195 3509 λιστα
210 3444 414 3525 πέπρακται,
435 3439 519 3522 πρὸς
536 3435 688 3523 δετιμήν
705 3439 760 3503 καὶ
777 3435 878 3512 δόξαν
895 3441 1058 3515 αἴσχιστα·
