2340 3894
240 266 254 294 .
340 219 473 281 ΚΑΤΑ
499 222 761 283 ΦΙΛΙΠΠΟΥ
779 226 819 283 Α.
1014 222 1058 285 43

99 392 239 461 σαντες,
258 377 338 456 τοὺς
348 379 566 465 στρατιώτας,
584 379 644 459 τάς
656 384 817 467 τριήρεις,
830 380 911 461 τοὺς
925 385 1054 470 ἱππέας,
1119 400 1133 423 “

104 475 220 557 ἐντελῆ
229 481 341 541 πᾶσαν
352 475 415 560 τήν
427 478 584 564 δύναμιν,
597 481 690 569 νόμω
702 487 936 564 κατακλείσητε
949 484 1057 570 όπὶτῷ

103 575 236 670 πολέμῳ
243 573 368 660 μένειν,
378 581 445 642 τῶν
453 579 514 662 μὲν
521 579 699 663 χρημάτων
708 575 804 645 αὐτοὶ
811 585 924 663 ταμίαι
931 579 986 644 καὶ
993 603 1058 645 πο-

104 675 212 754 ρισταί
222 674 430 759 γιγνόμενοι,
444 683 512 742 τῶν
523 679 560 743 δὲ
572 676 725 761 πράξεων
738 675 829 761 παρὰ
839 685 903 744 τοῦ
915 696 1062 761 στρατη-

103 774 166 851 χοῦ
172 766 235 834 τὸν
243 768 348 853 λόγον
355 766 587 857 ἀπαιτοῦντες,
596 771 759 842 παύσεσθ’
767 770 819 839 ἀεὶ
827 775 903 858 περὶ
913 780 981 841 τῶν
992 770 1060 842 αό-

68 869 168 928 mar
186 860 428 945 βουλευόμενοι
443 862 499 927 καλ
516 863 617 927 πλέον
629 859 730 928 οὐδὲν
740 871 931 947 ποιοῦντες,
942 866 997 930 καὶ
1009 871 1133 932 ἔτιν-

100 955 183 1043 πρός
199 958 309 1044 τούτῳ
321 965 455 1041 πρῶτον
465 959 542 1043 μὲν,
562 951 718 1044 όάνόρες
728 957 913 1049 Ἀθηναῖοι,
926 959 986 1029 τόν
997 970 1057 1047 με’-

100 1077 215 1141 χιστον
226 1064 296 1123 των
307 1058 436 1124 ἐκείνου
448 1056 564 1140 πόρων
576 1056 813 1144 ἀφαιρήσεσθε.
837 1065 905 1127 ἔστι
916 1058 948 1128 δ’
956 1053 1057 1138 οὗτος

100 1163 162 1235 τίς,
173 1151 243 1223 ἀπὸ
255 1161 324 1221 τοῖν
334 1153 504 1240 ὑμετέρων
515 1153 597 1241 ὑμῖν
608 1166 744 1242 πολεμεῖ
751 1159 949 1245 συμμάχων,
962 1158 1057 1246 ἀχων

100 1257 152 1320 καὶ
163 1258 283 1338 φέρων
293 1250 372 1332 τοὺς
383 1256 541 1331 πλέοντας
551 1253 797 1340 τήνθάλατταν.
810 1261 920 1323 ἔπειτα
930 1265 964 1325 τί
972 1257 1058 1340 πρὸς
1132 1289 1136 1295 ·

100 1353 226 1440 τούτῳς
238 1360 299 1419 τοῦ
310 1353 447 1436 πάσχειν
459 1350 553 1420 αὐτοὶ
571 1361 680 1430 κακῶς
697 1357 757 1431 ἔξω
774 1353 976 1438 γενήσεσθε,
994 1354 1058 1440 οὐχ

101 1449 213 1536 ὥσπερ
224 1448 286 1518 τόν
296 1451 511 1535 παρελθόντα
522 1451 647 1535 χρόνον
659 1457 849 1537 είςΛήμνον
860 1452 1058 1538 καὶἼμβρον

102 1548 255 1637 ἐμβαλών
274 1549 499 1634 αἰχμαλώτους
518 1558 651 1627 πολίτας
663 1548 843 1635 ὑμετέρους
860 1549 950 1639 ᾤχετ’
962 1556 1057 1635 ἔχων,

103 1649 185 1737 πρὸς
195 1656 243 1738 τῷ
255 1655 425 1738 Γεραιστῷ
441 1647 481 1714 τά
500 1657 598 1716 πλοῖα
617 1648 795 1735 συλλαβών
807 1647 964 1734 ἀμύθητα
974 1649 1056 1734 χρή·
1072 1697 1091 1707 -

103 1745 168 1834 μαό
184 1751 318 1832 ἐξέλεξε,
340 1745 380 1813 τά
401 1755 572 1814 τελευταῖα
593 1753 639 1826 είς
649 1754 854 1832 Μαραθῶνα
873 1746 978 1834 ἀπέβη
999 1749 1101 1820 καίεο

103 1846 161 1934 τήν
178 1844 277 1927 ίεράν
293 1844 358 1912 ἀπὸ
375 1854 433 1931 τής
450 1846 558 1932 χώρας
576 1845 665 1935 ᾤχετ’
677 1852 762 1932 ἔχων
778 1847 905 1934 τριήρη,
917 1844 1010 1932 ὑμεῖς
1020 1844 1053 1912 δ’

105 1947 178 2014 οὔτε
200 1952 306 2013 ταῦτα
329 1945 480 2011 δύνασθε
501 1945 644 2013 κωλύειν
654 1943 726 2012 οὔτ’
740 1952 786 2024 είς
807 1945 886 2024 τούς
903 1944 1055 2031 χρόνους,

76 2043 160 2125 θοός
170 2041 215 2112 ἀν
226 2050 573 2130 προθήσθε,βοηθείν.
597 2051 703 2113 καίτοι
713 2052 747 2112 τί
754 2039 1057 2132 ὃήποτε,όάνὸρες

102 2141 286 2230 Ἀθηναῖοι,
297 2148 443 2228 νομίζετε
453 2141 516 2226 τήν
525 2143 588 2229 μὲν
597 2152 665 2211 τῶν
674 2152 925 2231 Παναθηναίων
936 2144 1057 2231 ἑορτήν

104 2246 154 2311 καὶ
173 2238 240 2328 τήν
256 2251 325 2308 των
334 2248 527 2308 Διονυσίων
544 2241 595 2308 ἀεὶ
616 2251 678 2310 τοῦ
699 2245 910 2331 καθήκοντος
929 2246 1056 2329 χρόνον

103 2346 294 2427 γίγνεσθαι,
317 2340 360 2407 ἀν
371 2366 406 2406 τε
418 2343 521 2407 δεινοὶ
532 2341 679 2425 λείχωσιν
690 2340 733 2407 ἀν
745 2368 781 2408 τε
793 2347 921 2409 ἰδιῶται
932 2347 966 2409 οἱ
975 2342 1056 2408 τού-

103 2467 167 2509 των
178 2442 345 2522 ἑκατέρων
355 2438 621 2524 ἐπιμελούμενοι,
634 2445 680 2516 είς
690 2435 713 2504 ἀ
722 2436 852 2505 τοσαῦτ’
864 2436 1057 2506 ἀναλίσκετε
1106 2500 1113 2506 .

103 2542 251 2628 χρήματα
262 2537 326 2606 ὅσα
337 2536 414 2605 οὐδ’
426 2546 472 2615 είς
484 2540 544 2605 ἕνα
555 2546 623 2605 των
640 2535 846 2623 ἀποστόλων,
863 2541 918 2605 καὶ
933 2544 1058 2605 τοσοῦ-

102 2667 159 2709 τον
179 2639 282 2724 ὄχλον
303 2640 359 2704 καί
379 2638 595 2722 παρασκευήν
616 2637 701 2723 ὅσην
721 2634 782 2705 οὐκ
806 2633 870 2703 οἷδ’
885 2646 918 2705 εί
933 2663 966 2702 τι
987 2642 1056 2703 τῶν

102 2738 261 2808 ἀπόντων
271 2742 354 2822 ἔχει,
365 2735 445 2814 τούς
463 2735 494 2802 δ’
510 2735 717 2813 ἀποστόλους
728 2734 855 2813 πάντας
866 2731 945 2819 ὑμῖν
956 2731 1057 2802 ἀστε-

103 2845 201 2923 ρίζειν
212 2844 284 2904 τῶν
293 2843 431 2919 καιρωυ,
443 2833 504 2901 τόν
516 2841 561 2912 είς
567 2835 753 2918 Μεθώνην,
760 2831 821 2899 τόν
832 2838 878 2910 είς
884 2832 1056 2920 Παγασάς,

65 2953 94 3007 36
102 2935 161 3005 τόν
172 2943 221 3014 είς
229 2937 431 3012 Ποτίδαιανς
443 2931 494 3000 ὅτι
506 2936 613 3000 ἐκεῖνα
624 2932 685 3017 μὲν
697 2930 827 2998 ἅπαντα
847 2931 939 3019 νόμῳ
961 2935 1057 3000 τέτα-

102 3062 185 3118 κται,
193 3036 250 3103 καὶ
256 3032 558 3114 πρόοιδενὲκαστος
569 3029 665 3117 ὑμῶν
676 3033 712 3097 ἐκ
720 3036 847 3097 πολλοῦ
856 3037 904 3106 τίς
914 3028 1058 3114 χορηγός

100 3131 123 3220 ή
130 3129 381 3219 γυμνασίαρχος
391 3137 450 3216 τής
460 3138 578 3215 φυλής,
597 3131 678 3198 πότε
689 3131 744 3196 καὶ
760 3124 850 3211 παρά
860 3137 922 3196 τοῦ
940 3130 995 3195 καὶ
1006 3132 1071 3193 τί»

101 3258 143 3300 να
152 3231 303 3318 λαβόντα
313 3236 348 3296 τί
356 3234 406 3296 ἀεί
415 3244 533 3311 ποιεῖν,
550 3226 651 3296 οὐθὲν
669 3225 886 3307 ἀνεξέταστον
902 3224 979 3294 οὐδ’
995 3223 1058 3289 ἀό-

101 3351 216 3417 ριστον
225 3332 266 3397 ἐν
275 3327 406 3404 τούτοις
415 3323 582 3412 ήμόληται,
591 3329 626 3394 ἐν
638 3326 673 3393 δὲ
683 3339 751 3403 τοῖς
762 3327 903 3410 περὶτοῦ
909 3326 1059 3405 πολέμου

100 3432 156 3497 καὶ
172 3436 213 3518 τῇ
223 3426 350 3495 τούτου
366 3433 558 3513 παρασκευή
577 3424 701 3493 ἀτακτα
716 3421 907 3504 ἀδιόρθωτα
918 3414 1058 3500 ἀόριστα
