2340 3894
173 172 236 244 116
395 175 429 233 x.
458 142 908 248 [ΔΗΜοΣσΕΝονΣ]

171 355 226 405 σαι
247 347 315 412 τοῖς
337 332 449 417 άρχειν
470 327 686 415 βουλομένοις
706 326 762 391 καὶ
782 322 907 401 πάντας
923 321 1139 408 ἀνθρώπους,

171 442 217 513 είς
228 436 422 517 ἐλευθερίαν
435 431 602 506 ἐξελέσθαι
616 427 727 490 δεινοί.
756 420 884 489 ούκουν
894 419 1051 507 βούλεται
1062 433 1131 498 τοῖς

83 554 85 558 ’
171 531 278 618 αύτού
294 542 420 615 καιροῖς
436 524 498 611 τὴν
514 521 592 608 παρ’
610 521 706 608 ὑμῶν
717 524 913 606 ἐλευθερίαν
923 518 1129 605 ἐφεδρεύειν,

128 652 161 706 15
170 630 213 699 σύ
223 636 333 706 κακῶς
344 624 418 695 οὐδ’
431 623 541 708 άργῶς
551 628 655 688 ταῦτα
666 620 885 705 λογιζόμενος.
920 621 1128 706 πρῶτονμὲν

170 726 211 814 δὴ
223 736 322 796 τούτο
335 729 397 810 δεῖ,
406 719 529 808 ἐχθρὰν
539 717 758 805 ὑπειληφέναι
766 726 824 807 τῆς
833 726 997 796 πολιτείας
1005 719 1062 784 καὶ
1070 725 1129 806 τῆς

97 861 101 866 ·
170 832 389 912 δημοκρατίας
400 820 619 888 ἀδιάλλακτον
630 822 775 902 ἐκεῖνον,
789 817 946 902 δεύτερον
958 817 993 886 δὲ
1004 820 1128 889 εἰδέναι

171 933 286 1011 σαφῶς
294 921 346 989 ὅτι
356 916 458 987 πάνθ’
468 917 532 987 ὅσα
544 917 810 1003 πραγματεύεται
820 920 875 986 καί
886 917 1128 997 κατασκευάζε-

68 1103 76 1112 ,
169 1050 222 1091 ται
231 1029 312 1106 νῦν,
335 1021 387 1087 ἐπὶ
398 1017 459 1105 την
469 1016 632 1104 ἡμετέραν
642 1014 742 1088 πόλιν
757 1017 1049 1102 παρασκευάζεται.
1085 1015 1126 1084 ού

108 1162 110 1167 ·
168 1121 233 1206 γάρ
245 1119 352 1198 οὕτως
362 1115 488 1204 εὐήθης
498 1119 587 1186 ἐστίν
598 1114 696 1202 ὑμῶν
707 1113 817 1195 οὐδεὶς
828 1115 916 1184 ὥσθ’
927 1113 1127 1204 ύπολιιμβά·

90 1287 94 1296 ,
169 1245 242 1288 νειν
257 1216 318 1288 τὸν
329 1225 495 1287 Φίλιππον
512 1224 580 1284 τῶν
597 1217 658 1302 μὲν
674 1218 711 1282 ἐν
729 1215 845 1304 Θρᾴκη
862 1223 976 1283 κακῶν
997 1220 1049 1298 (τί
1061 1212 1126 1301 γάρ

169 1313 213 1386 άν
227 1317 307 1387 άλλο
318 1345 367 1397 τις
378 1327 463 1387 εἴποι
473 1322 663 1404 Δρογγίλον
673 1316 729 1383 καὶ
739 1314 900 1403 Καβύλην
910 1316 965 1382 καὶ
976 1312 1127 1412 Μάστει-

170 1442 234 1501 ραν
251 1418 307 1485 καὶ
323 1413 345 1483 ά
360 1424 427 1485 νῦν
444 1436 548 1502 φασιν
564 1411 668 1482 αὐτὸν
678 1419 776 1499 ἔχειν)
790 1414 919 1482 τούτων
932 1416 994 1501 μὲν
1005 1417 1126 1483 ἐπιθυ-

81 1523 87 1528 “
163 1529 242 1601 μεῖν
250 1511 395 1599 καὶ-’ὑπὲρ
403 1522 465 1582 τοῦ
472 1521 576 1580 ταῦτα
584 1513 955 1599 λαβείνκαὶπόνουςκαὶ
963 1522 1124 1600 χειμῶνας

128 1635 161 1689 16
169 1615 223 1681 και
233 1639 312 1690 τους
322 1612 479 1696 ἐσχάτους
490 1609 699 1689 κινδύνους
679 1614 875 1699 υπομενειν,
894 1610 1006 1681 τῶνδ’
1021 1610 1125 1699 Ἀθη-

168 1717 273 1780 ναίων
283 1713 426 1797 λιμενων
436 1712 647 1797 καὶνευρίιον
656 1736 725 1778 των
734 1735 880 1807 τριηρῶν
889 1713 944 1780 καί
955 1712 1124 1798 καὶέργον

125 1880 151 1906 Ι,
168 1819 236 1878 τῶν
247 1808 385 1895 άργνρεί
386 1835 433 1876 αν
371 1810 499 1877 ίκαὶ
512 1807 681 1876 τοσούτων
692 1794 869 1893 προσόὸάτν
879 1810 1051 1878 καίτύπον
1067 1812 1123 1880 καὶ

167 1899 316 1992 δόξης,
288 1933 337 1974 ων
347 1906 411 1992 μητ
409 1906 544 1996 ’ἐκείνῳ
555 1906 619 1992 μήτ
616 1902 728 1996 ’άλλμ
740 1911 868 1992 γένοιτο
878 1912 996 1997 μηδενί
1005 1935 1123 1996 χειρω-

168 2006 345 2094 σαμίνμ
309 2031 371 2091 την
381 2005 480 2073 πάλιν
490 2005 551 2090 την
560 2004 722 2092 ημετέραν
732 2016 917 2094 κυριεῦσαι,
929 2005 991 2076 ούκ
1001 2011 1124 2076 ἐπιθυ-

168 2118 266 2191 μεῖν,
280 2101 364 2172 άλλά
376 2112 479 2171 ταῦτα
489 2103 552 2190 μὲν
562 2102 650 2190 ύμάς
660 2103 771 2172 ἐάσειν
781 2110 882 2192 ἔχειν,
905 2103 989 2192 ὑπὲρ
1006 2106 1043 2174 δὲ
1052 2113 1122 2173 τῶν

167 2212 312 2288 μελινῶν
328 2205 467 2272 καὶτῶν
483 2201 614 2288 ὀλυρῶν
632 2211 701 2271 τῶν
716 2207 754 2272 ἐν
770 2218 839 2282 τοῖς
850 2210 1006 2293 Θρᾳκίοις
1016 2220 1123 2293 σιροῖς

126 2319 159 2375 17
168 2305 204 2369 ἐν
214 2308 260 2391 τῷ
272 2301 435 2391 βαράθρῳ
446 2303 616 2388 χειμάζειν.
652 2301 715 2371 ούκ
731 2308 800 2371 ἔστι
816 2312 935 2392 ταῦτα,
958 2303 1042 2373 άλλά
1059 2304 1123 2374 κά-

167 2414 261 2469 κείνα
281 2397 367 2488 ύπὲρ
387 2408 448 2469 τού
468 2402 598 2469 τούτων
618 2392 777 2487 γενέσθαι
797 2404 914 2486 κύριος
933 2407 988 2471 καὶ
1017 2403 1121 2474 τᾶλλα
1131 2414 1168 2468 134

165 2499 275 2568 πάντα
284 2499 564 2586 ,πραγματεύεται
597 2506 701 2570 ταῦτα
718 2508 833 2570 τοίνυν
849 2505 991 2571 ἕκαστον
1008 2502 1121 2573 είδότα

165 2601 221 2666 καὶ
235 2597 465 2691 γιγνώσκοντα
483 2595 561 2683 παρ’
581 2595 674 2685 αὑτῶ
685 2597 791 2686 δεῖμά
801 2599 859 2669 Δί’
872 2598 915 2669 ού
925 2601 1052 2687 γράψαι
1062 2629 1121 2671 κε-

165 2695 276 2762 λεύειν
287 2696 433 2782 πόλεμον
443 2693 503 2763 τάν
512 2695 553 2764 τά
563 2699 715 2782 βέλτιστα
728 2702 779 2766 ἐπὶ
790 2708 871 2768 πάσι
882 2704 1021 2781 δικαίοις
1032 2721 1121 2789 συμ-

164 2794 385 2877 βουλεύοντα·
406 2819 505 2862 τουτο
523 2794 645 2879 μὶν’
592 2822 666 2918 γαρ
682 2799 750 2865 ἐστι
768 2797 915 2883 λαβειν”
894 2824 959 2888 οτῳ
971 2800 1121 2887 πολεμη-

162 2909 237 2958 σετε
251 2896 483 2994 βουλομένων,
505 2892 567 2980 ούγ
584 2892 608 2962 ά
622 2921 662 2983 τη
648 2896 767 2965 πόλει
778 2901 941 2984 συμφέρει
950 2900 1118 2987 πράττειν

121 3010 156 3065 18
162 3014 262 3074 ορατε
270 3016 345 3076 γαρ
379 2996 411 3060 εί
419 2990 502 3060 W
480 3019 502 3059 α
519 3001 634 3078 πρῶτα
650 2997 904 3085 παρεσπόνδησε
916 2993 1120 3078 Φιλιπκος
1096 3025 1117 3084 η

162 3083 342 3173 δεύτερα”
318 3116 339 3175 η
358 3096 450 3176 τρίτα
467 3090 589 3175 (πολλά
607 3093 671 3182 γάρ
689 3100 778 3164 ἐστιν
787 3099 917 3183 ίφεξης)
936 3101 1064 3183 ἔγραψέ
1070 3123 1119 3176 τις

161 3182 254 3278 αὐτῶ
265 3196 436 3275 πολεμεῖν,
459 3187 550 3258 (W
535 3200 656 3278 ομοίως
673 3191 784 3281 ῶσπερ
801 3202 883 3280 νύν,
905 3193 947 3264 ού
964 3196 1118 3284 γράφον-

160 3310 216 3365 τος
225 3282 394 3367 ουβενος
374 3314 472 3373 υμῶν
483 3290 647 3376 πολεμον,
665 3295 868 3378 Καρδιανοῖς
878 3293 1031 3381 ἐβοηθει,
1054 3291 1117 3365 ούκ

160 3377 203 3451 άν
213 3379 497 3472 ἀνηρπασμένος
475 3381 548 3480 ηγὸ
566 3389 711 3477 γράψας,
735 3393 791 3460 καὶ
805 3388 861 3459 διά
875 3398 976 3462 τοῦτο
994 3391 1117 3472 πάντες
