2340 3894
300 213 425 276 ααει
457 214 563 276 του
585 191 888 278 Σταοιαουζ
1006 215 1070 281 τοι

114 371 155 442 τά
166 382 247 442 πᾶσι
258 379 425 444 δοκοῦντα
436 376 639 460 συμφέρειν,
662 372 784 442 ούδένα
795 379 957 444 κίνδυνον
966 373 1072 462 όκνη’-

116 494 175 551 σας
185 477 273 541 ίδιον
287 470 362 541 οὐδ’
374 470 739 559 ύπολογισάμενος,“σύ
756 472 793 540 δέ
811 470 892 541 οὔθ’
911 474 1006 560 ἕτερα
1023 472 1072 541 εἶ-

115 594 174 649 πες
183 577 301 656 βελτίω
312 571 441 640 τούτων
459 569 517 653 (ού
527 570 592 655 γάρ
604 566 648 637 άν
658 570 789 649 τούτοις
799 575 974 658 ἐχρῶντο),
996 568 1071 639 οὔτ’

94 734 97 739 .
115 674 161 746 είς
176 669 282 735 ταῦτα
297 669 460 754 χρήσιμον
476 666 577 736 οὐδὲν
594 665 722 736 σαυτόν
737 665 911 756 παρέσχες,
935 668 1019 753 ὅπερ
1036 669 1068 737 δ’

114 762 188 835 άνό
201 767 410 852 φαυλότατος
420 770 475 835 καὶ
485 771 745 853 δυσμενέστατος
757 767 938 856 ἅνθρωπος
947 777 989 857 τῇ
1005 769 1072 835 κύ·

113 872 179 949 λει,
200 871 300 942 τοῦτο
311 864 497 951 πεποιηκώς
507 867 560 932 ἐπὶ
569 879 639 944 τοῖς
649 874 816 954 συμβᾶσιν
826 868 978 952 ἐξήτασαι
984 917 995 952 ,
1013 869 1071 935 καί

112 961 181 1047 ἅμα
189 958 396 1047 Ἀρίστρατος
406 964 443 1031 έν
454 963 555 1052 Νάξῳ
567 965 623 1031 καὶ
632 961 843 1049 Ἀριστόλεως
853 968 891 1034 έν
901 967 1018 1053 Θάσῳ,
1037 969 1073 1033 ολ

111 1048 269 1138 καθάπαξ
279 1062 394 1144 έχθροί
403 1068 461 1145 τῆς
472 1060 615 1147 πόλεως,
627 1060 708 1141 τούς
715 1060 903 1149 Ἀθηναίων
913 1070 1069 1148 κρίνουσι

112 1163 232 1241 φίλους
243 1157 298 1223 καὶ
305 1153 487 1242 Ἀθήνησιν
498 1165 655 1244 Αἰσχίνης
665 1167 908 1245 Δημοσθένους
924 1168 1070 1248 κατηγο·

56 1266 169 1339 λθθρεί.
194 1259 302 1324 καίτοι
311 1253 377 1345 ότιμ
388 1253 428 1321 τά
439 1253 882 1344 τόνἙλλήνιιυάτυχηματα
895 1261 1068 1327 ἐνευδοκι-

111 1368 187 1439 μείν
196 1352 370 1434 άπέκειτο,
394 1351 600 1422 ἀπολωλέναι
612 1362 740 1439 μᾶλλον
751 1349 850 1433 οὗτός
861 1359 929 1423 ἐστι
942 1360 1069 1434 δίκαιος

109 1447 341 1538 ἢκατηγορελν
350 1453 479 1536 ἑτέρου·
501 1455 556 1519 καὶ
568 1451 633 1542 ότρι
646 1453 909 1539 συνενηνόχασιν
923 1459 957 1521 οί
972 1451 1067 1521 αὐτοὶ

109 1551 220 1636 καιροί
232 1552 287 1618 καὶ
297 1565 364 1630 τοῖς
374 1559 432 1636 τῆς
442 1551 571 1629 πόλεως
582 1554 730 1636 ἐχθροῖς,
742 1549 804 1619 ούκ
816 1556 867 1618 ἔνι
876 1559 997 1619 τούτου
1008 1549 1060 1618 εύ·

110 1647 291 1720 νουνείναι
302 1657 343 1736 τη
354 1654 494 1733 πατρίδι.
519 1654 629 1735 δηλοῖς
643 1651 679 1718 δὲ
690 1651 745 1718 καὶ
756 1653 789 1730 έξ
800 1642 980 1737 ὦνζῇςκοδ
990 1673 1051 1717 ποι

110 1761 157 1826 είς
165 1749 221 1815 καί
232 1746 397 1814 πολιτεύει
407 1749 462 1814 καί
474 1747 577 1816 πάλιν
588 1745 629 1815 ού
640 1750 813 1816 πολιτεύει.
850 1750 1026 1834 πράττεταί
1034 1775 1067 1815 τι
1089 1809 1091 1814 .

107 1853 178 1913 τοῖν
197 1841 278 1930 ύμῖν
296 1845 490 1914 δοκούντων
511 1851 710 1932 συμφέρειν,
741 1847 878 1934 ἄφωνος
897 1854 1065 1934 Αἰσχίνης.

108 1941 315 2028 ἀντέκρουσέ
333 1969 366 2010 τι
385 1946 440 2012 καὶ
460 1943 600 2030 γέγονεν
622 1942 695 2014 οἷον
716 1944 779 2014 οὐκ
800 1950 882 2033 ἔδει,
908 1945 1068 2030 πάρεστιν

107 2047 281 2126 Αἰσχίνης·
304 2039 415 2129 ύσπερ
426 2041 466 2109 τά
477 2045 628 2130 ῥήγματα
638 2046 693 2111 καὶ
709 2045 750 2111 τὰ
767 2046 959 2130 σπάσματα,
983 2042 1067 2112 όταν

107 2166 139 2208 τι
149 2137 257 2208 κακόν
266 2138 303 2207 τό
316 2147 410 2225 σῶμα
420 2141 523 2228 λάβη,
536 2139 610 2208 τότε
620 2155 766 2209 κινείται.

56 2257 100 2313 199
188 2235 316 2324 Ἐπειδὴ
329 2243 365 2306 δὲ
376 2237 480 2316 πολύς
490 2252 558 2316 τοίς
566 2238 813 2324 συμβεβηκόσιν
822 2243 972 2324 ἔγκειται,
980 2238 1067 2323 βού-

108 2343 211 2424 λομοιί
223 2362 255 2403 τι
270 2338 327 2403 καί
338 2336 525 2419 παράδοξον
536 2342 648 2403 εἰπεῖν.
680 2341 739 2402 καί
746 2359 812 2419 μου
824 2332 907 2418 πρὸς
916 2332 1000 2412 Διὸς
1009 2337 1066 2402 καί

107 2443 202 2504 θεοῖν
213 2432 398 2521 μηδεὶςτην
408 2430 786 2521 ύπερβοληνθαυμύση,
810 2428 894 2498 ύλλόι
912 2428 983 2515 μετ’
1006 2429 1065 2496 εύ-

107 2542 201 2614 νοίας
216 2530 236 2601 ό
252 2537 338 2618 λέγω
355 2533 568 2617 θεωρησάτω.
603 2537 634 2599 εί
647 2530 711 2616 γάρ
730 2522 776 2616 ἦν
793 2526 896 2594 άπασι
911 2526 1064 2613 πρόδηλα

106 2628 148 2700 τά
160 2633 323 2719 μέλλοντα
334 2630 554 2716 γενησεσθαι,
576 2632 632 2699 καί
643 2627 832 2718 προῄδεσαν
849 2626 987 2712 πάντες,
1008 2630 1064 2695 καὶ

105 2727 149 2798 σύ
160 2727 359 2815 προῦλεγες,
371 2735 526 2816 Αἰσχίνη,
537 2731 593 2798 καί
604 2729 827 2815 διεμαρτύρου
838 2733 929 2813 βοῶν
939 2728 994 2795 καί
1005 2752 1064 2795 κε-
1135 2746 1141 2760 “

104 2828 254 2914 κραγως,
273 2825 310 2904 ὃς
321 2825 396 2894 οὐδ’
408 2830 579 2915 ἐφθέγξω,
602 2827 676 2897 οὐδ’
689 2828 796 2906 οὕτως
807 2825 1011 2895 άποστατέον
1021 2834 1125 2914 κη’λθυ

101 2930 201 2996 πόλει
216 2927 345 2995 τούτων
362 2920 422 3013 ἦν,
444 2938 535 3013 είπερ
551 2927 646 3014 δόξης
656 2924 678 3013 ἦ
689 2928 867 3012 προγόνων
878 2920 899 3011 ἢ
910 2933 971 2995 τού
982 2929 1063 3011 μέλ-

56 3030 223 3104 *monog
234 3030 355 3104 αίοᾶνος
367 3025 429 3110 εἶχε
441 3026 553 3110 λόγον.
586 3033 652 3092 νῦν
663 3030 723 3110 μέν
733 3050 771 3109 γε
783 3021 960 3108 ἀποτυχείν
972 3028 1066 3091 δοκεῖ

105 3132 175 3194 τῶν
185 3125 405 3211 πραγμάτων,
417 3124 438 3193 δ
447 3131 528 3193 πᾶσι
538 3125 655 3193 κοινόν
666 3126 755 3190 ἐστιν
766 3119 969 3206 ἀνθρώποις,
981 3119 1064 3188 ὅταν

105 3231 153 3314 τῷ
171 3232 245 3314 θεῷ
261 3231 365 3291 ταῦτα
384 3229 481 3310 δοκῇ·
503 3223 576 3294 τότε
588 3218 620 3300 δ’
633 3218 770 3300 άξιούσα
782 3219 984 3302 προεστάναι
994 3225 1064 3284 των

105 3321 233 3408 ἄλλων,
247 3317 306 3390 εἶτ’
319 3319 492 3390 ἀποστᾶσα
501 3322 634 3406 τούτου,
651 3326 806 3406 Φιλίππω
816 3317 1065 3403 προδεδωκέναι

105 3419 233 3499 πάντας
243 3415 287 3488 άν
298 3425 393 3505 ἔσχεν
404 3425 520 3487 αἰτίαν.
551 3423 581 3487 εί
589 3417 655 3503 γάρ
665 3425 769 3485 ταῦτα
780 3426 912 3501 προεῖτο
922 3409 1065 3496 άκονιτί,
1091 3497 1104 3511 x
