2340 3894
355 106 361 119 Ι
417 156 706 235 numustuurttcn.
965 176 1063 221 nxxxr

55 326 191 400 Ulpianus
208 328 241 384 in
257 327 469 400 Proiegemenis
485 328 513 383 iu
532 327 675 383 orationes
691 326 873 400 Olynthiueeo
890 335 917 387 et
930 328 1062 401 Philippi·

55 428 115 483 τοι,
131 413 310 485 argumentis
329 418 444 483 uterque
461 412 506 468 usi
530 410 663 468 infirmis:
685 411 722 467 de
742 427 797 482 quo
817 418 892 469 reete
916 412 1061 484 judicasse

56 495 137 563 rideo
148 496 310 554 Arnoldurn
324 495 508 554 Seheeterum
522 497 551 552 in
567 495 660 552 libello
671 497 767 568 paullo
781 500 845 552 ente
859 500 1019 556 memorato.
1064 507 1072 520 ’

463 675 597 727 OLYMP.
615 674 674 727 104.

92 785 116 839 1
134 768 244 849 (667⁸)
268 775 505 833 Timocrates.
547 783 573 836 2.
586 758 692 855 (eut)
716 776 958 834 Chariclides.

91 852 231 956 66667
237 863 251 931 )
272 860 372 917 Molo.
411 906 415 910 .
541 853 691 933 4·(³⁶¹lo.)
713 860 966 933 Nicophemus.

136 965 163 1018 1.
196 949 400 1014 Demosthenes
430 960 522 1016 etatirn
551 966 698 1032 postquam
729 960 800 1015 inter
817 955 905 1016 'viros
933 965 1064 1033 receptus

58 1046 112 1099 erat
133 1042 256 1115 (olymp.
269 1046 330 1112 103,
340 1046 380 1114 2.)
403 1044 478 1100 bona
500 1059 552 1099 sua
573 1045 607 1101 ab
624 1045 759 1100 tutoribus
776 1051 905 1117 repetere
921 1050 1063 1116 coeperat,
1122 1112 1125 1117 ι

58 1124 106 1183 red
128 1131 197 1199 post
220 1140 311 1183 vanas
339 1126 457 1184 duorum
475 1143 610 1184 annorum
628 1127 845 1200 disceptationes
863 1128 931 1184 nihil
949 1129 1001 1186 sibi
1020 1142 1064 1183 re·

57 1210 159 1282 iiquum
190 1224 254 1266 esse
283 1209 398 1270 videbat
424 1227 507 1282 quam
533 1218 563 1266 ut
589 1228 720 1268 caussam
742 1211 912 1283 adjudices
933 1211 1062 1275 deterret,

57 1291 130 1367 quod
144 1292 280 1350 archonte
308 1293 463 1350 Timocrate
486 1296 588 1350 iactum
611 1312 675 1350 esse
697 1296 757 1366 ipse
777 1297 891 1351 refert
885 1312 912 1349 rn
938 1296 1063 1352 oratione

58 1383 151 1433 eontra
173 1375 327 1433 Onetorem
347 1394 374 1448 p.
395 1381 455 1437 868
477 1368 598 1472 δήομεν
610 1367 670 1453 γάρ
686 1369 764 1431 ἐστιν
780 1365 875 1448 ἐτη
844 1395 880 1431 τα
890 1365 996 1473 μεταξὺ
1010 1375 1064 1433 τοῦ

57 1454 235 1532 συνοικῆσαί
249 1460 400 1555 (Aphobo)
421 1477 451 1516 τε
474 1447 530 1533 τήν
541 1461 671 1558 γυναῖκα
685 1453 736 1516 eet
751 1457 846 1556 φήσαι
868 1450 990 1528 τούτους
1010 1477 1063 1516 ιτε-

56 1539 204 1639 τοιῆσθαι
224 1529 281 1616 τήν
304 1531 481 1618 ἀπόλειψιν·
517 1535 671 1646 ἐγήματο
669 1531 778 1640 μέν
742 1561 801 1643 γαρ
823 1536 871 1600 ἐιτλ
888 1533 1065 1639 Πολυζήλου

53 1616 625 1809 ξέιλλέῗνοξςῖλῖλζοὲήλψλλῗμήήήολτςήυέ·
645 1615 1064 1810 (ἐγολπελξλέλήέωςγλιολτφολλνλυλλλ

54 1786 169 1891 γάμους
184 1789 380 1891 δοκιμασθεὶς
398 1787 559 1854 ἐνεκάλουν
582 1789 633 1851 καλ
656 1788 744 1872 λόγον
764 1784 901 1889 τἰιιήτονν
920 1785 1030 1850 μαλ’
986 1813 1064 1852 ιταν·
1086 1848 1090 1858 ,

56 1896 113 1941 των
127 1864 387 1956 ιἰτεοστσρσυμενος
402 1865 497 1951 τολςδ
498 1878 563 1950 ίιιας
578 1871 741 1957 ἐλάγχανον
764 1853 818 1938 iot
827 1874 881 1935 τοῦ
901 1866 995 1936 αὐτοῦ
1011 1896 1062 1955 αρ

55 1980 167 2060 κοντος.
191 1969 219 2020 et
240 1965 335 2035 paullo
357 1972 431 2035 post,
452 1982 524 2061 μετα
512 1951 639 2022 τοίνυν
659 1962 766 2022 τοῦτον
783 1950 835 2022 τὸν
854 1979 982 2040 αρχοντα
1001 1962 1065 2035 Κη-

54 2037 235 2143 φισόδυρος,
247 2043 340 2103 Χίων.
351 2040 400 2103 λιτὶ
410 2064 523 2104 τουτον
530 2037 691 2106 ἐνεκαλουν
703 2041 905 2124 δοκιμασθεὶς,
917 2040 1022 2122 ἐλαγον
1034 2038 1065 2102 δὲ

53 2118 112 2205 τήν
122 2124 212 2205 δίκην
223 2122 272 2186 ἐιτλ
287 2121 500 2207 Τιμοκράτους.
524 2132 629 2189 Cecidit
642 2151 743 2190 caussa
754 2133 891 2206 Aphobus
910 2131 1063 2202 decemque

48 2216 170 2275 [talentis
184 2217 315 2278 multatus
326 2223 381 2281 est
405 2222 434 2272 ut
449 2218 532 2272 refert
544 2217 787 2288 Demosthenesp
808 2221 869 2284 862,
890 2221 942 2279 22
965 2216 1064 2286 quibus

54 2306 150 2356 temen
170 2298 316 2356 solvendis
334 2317 416 2372 quum
435 2317 491 2356 non
510 2307 598 2370 esset,
618 2307 648 2355 ut
658 2300 784 2365 videtur
803 2315 853 2354 vix
864 2298 1016 2368 quidquam
1029 2296 1063 2351 de
1145 2365 1149 2370 .

53 2381 247 2456 ρειτίευοοίο,
265 2383 341 2453 quod
356 2389 460 2439 tutores
479 2384 706 2449 interverterent,
729 2397 898 2451 recuperare
912 2381 1001 2450 potuit
1012 2380 1065 2434 De-

55 2465 253 2535 mosthenes‘)
275 2466 395 2537 ideoque
414 2469 448 2523 ab
471 2483 574 2522 caussa
595 2467 623 2520 in
644 2471 749 2521 tutores
775 2464 847 2518 duos
869 2468 988 2528 eeteros,
1011 2462 1064 2516 De-

55 2544 240 2624 mophontem
255 2555 283 2604 et
298 2548 508 2622 Therippidem,
522 2548 644 2647 egendo,
664 2548 699 2604 de
713 2537 997 2621 queeogimverat”)‚
1017 2545 1066 2600 de-

127 2729 238 2809 a)Plut.
257 2731 289 2784 V
308 2729 439 2781 Demosth.
459 2749 481 2782 ο.
500 2731 524 2782 6
548 2712 715 2796 ὡςγουνέα
731 2717 1065 2843 ἡλιαίᾳγενόμενοςτοίς

56 2788 227 2879 ἐπιτρόποις
237 2788 344 2864 ἤρξατο
362 2792 442 2858 δικαζ
442 2798 527 2849 εσθαι
543 2795 591 2850 ιιαλ
606 2799 795 2878 λογογραφεῖν
812 2788 860 2848 ἐπ’
878 2788 985 2853 αὐτους
998 2795 1064 2844 ττολ-

57 2859 109 2924 λᾶς
119 2860 280 2948 διαδυσεις
302 2863 351 2917 ιιαλ
378 2866 559 2925 παλινδικίας
587 2859 785 2949 ευρίσιιρντας,
813 2857 1064 2950 ἐγγυμνασάμενος,

56 2929 130 3013 ναυσὶ
147 2928 199 2985 τὸν
214 2933 413 3016 Θουκυδίδην,
432 2940 495 2993 ταῖς
513 2931 649 3054 μελέταις,
669 2951 723 2987 ουιι
740 2904 912 3016 σἰιιλνδυνοις,
932 2924 996 2986 ουδ’
1016 2948 1065 3014 αρ-

57 3001 124 3069 γός,
143 2997 366 3084 κατευτυχήσας,
386 2996 574 3084 ἕιιττρᾶξαιέ
540 3019 560 3068 μ
575 3020 592 3053 ν
606 2997 675 3056 ουδὲ
691 3000 848 3055 πολλοστὸν
864 2975 1000 3082 ἠδυνήθη
1019 2997 1066 3067 με’-

131 3088 190 3122 των
212 3066 368 3152 πατρῴων,
395 3067 500 3151 τόλμαν
522 3069 554 3125 δὲ
576 3067 649 3153 πρὸς
670 3066 702 3123 τὸ
724 3067 814 3151 λέγειν
837 3069 885 3123 und
907 3065 1066 3137 conridendo

57 3086 201 3206 ἐιλελνὴνλ
184 3133 293 3207 λαβὸν,
319 3137 368 3192 καλ
383 3133 553 3206 γευσάμενος
574 3141 625 3207 τής
647 3136 712 3204 ττερλ
735 3155 803 3198 τους
824 3133 936 3205 ιἰγοονας
958 3139 1066 3216 φιλοτι·

58 3209 137 3290 μίας
152 3206 202 3261 ιιαλ
214 3204 390 3290 δυνάμεως,
422 3203 532 3275 ἐπεχείρ
534 3225 601 3274 ησεν
625 3204 665 3265 εἰς
693 3205 780 3271 μέσον
801 3206 933 3273 παριέναι
962 3202 1011 3257 ιιαλ
1032 3197 1066 3255 τὰ

57 3270 142 3328 wer&
160 3291 307 3343 πραττειν.
343 3277 497 3338 Quibuscum
516 3277 668 3329 conferenda
685 3276 785 3328 Pseudo
787 3277 927 3329 -Piuterehi
944 3283 968 3324 et
981 3274 1065 3323 Photii

60 3347 137 3399 verbe
152 3351 241 3400 statim
256 3345 394 3402 efferenda

129 3418 155 3483 b)
185 3416 319 3469 Demosth.
344 3432 370 3481 p.
395 3415 454 3467 817.
479 3431 498 3464 α
521 3409 572 3479 μὲν
594 3430 663 3465 ουν
671 3401 858 3480 Δημοφωνή
883 3405 1067 3476 Θηριππίδης

108 3503 274 3546 nnuosurr.
297 3503 370 3544 von.
383 3503 405 3546 1.
854 3485 867 3538 i
