2340 3894
164 210 208 277 ει
376 214 448 275 vm.
491 211 524 270 Δ
550 186 928 273 ΗΜοΣοαΝουΣ

75 444 77 453 ,
165 371 261 442 αῦτολ
273 373 536 459 στρατεύσεσθε,
554 368 634 456 μήτε
645 376 714 437 τῶν
725 379 849 439 κοινῶν
860 369 1035 456 άφέξεσθε,
1046 374 1129 458 μήτε

164 476 224 554 τὰς
234 472 405 552 συντάξεις
413 476 588 538 Διοπείθει
599 468 732 554 δεύσετε,
743 470 824 555 μήτε
834 467 886 537 ὅσ’
900 466 944 538 άν
953 469 1055 549 αὐτὸς
1067 469 1132 539 αῦ-

165 579 212 662 τιβ
229 577 404 655 πορίσηται
413 568 538 653 ἐάσετε,
551 567 631 653 μήτε
642 567 682 634 τά
693 564 827 653 ὑμέτερ’
849 566 963 652 αύτοῦν
974 569 1132 655 πράττειν

166 670 352 756 ἐθελήσετε,
363 665 426 735 ούκ
437 672 500 752 ἔχω
509 674 544 733 τί
550 671 645 751 λέγω.
667 672 698 733 εί
708 666 772 753 γάρ
783 666 847 752 ἤδη
858 667 1024 754 τοσαύτην
1035 673 1131 748 ε’ξου-

167 776 245 837 σίαν
254 781 321 845 τοῖς
333 771 504 833 αἰτιᾶσθαι
511 767 567 831 καλ
579 764 771 850 διαβάλλειν
781 768 999 852 βουλομένοις
1009 772 1129 854 δίδοτε,

167 867 314 936 ὥστεκαὶ
323 856 456 949 περλάυ
465 859 605 948 άνφωσι
614 866 744 949 μέλλειν
753 862 1130 950 αύτδνποιείν,καλπερλ

167 967 296 1035 τούτων
306 962 649 1049 προκατηγορούντων
660 961 848 1050 άκροάσθε,
865 970 900 1031 τί
907 963 951 1032 άν
960 989 1010 1043 τις
1019 968 1128 1050 λέγοιὶ

122 1072 159 1127 24
243 1062 283 1131 “0
299 1090 330 1129 τι
339 1068 456 1129 τοίνυν
467 1061 608 1130 δύναται
617 1068 723 1128 ταῦτα
733 1077 859 1145 ποιεῖν,
881 1067 991 1141 ένίους
1003 1072 1128 1148 μαθεῖν

166 1164 262 1248 ῦμῦν
279 1166 336 1230 δεῖ.
366 1164 446 1241 λέξω
464 1160 500 1228 δὲ
517 1158 814 1246 μετάιπαρρησίας·
837 1159 975 1245 καὶγὰρ
993 1157 1069 1227 οὐδ’
1083 1155 1128 1227 άν

166 1261 274 1342 άλλως
291 1264 465 1345 δυναίμην.
498 1259 620 1337 πάντες
640 1256 714 1326 ὅσοι
735 1257 863 1327 πώποτ’
886 1258 1127 1328 ἐκπεπλεύκασι

82 1437 86 1444 Δ
166 1358 246 1446 παρ’
259 1356 356 1445 ὑμῶν
368 1361 560 1444 στρατηγοὶ,
580 1355 678 1443 ἢέγῦ
691 1357 828 1443 πάσχειν
838 1354 955 1426 ὁτιοῦν
969 1364 1124 1443 τιμῶμαι,
1135 1370 1166 1424 96

50 1545 52 1548 y
166 1461 222 1529 καλ
238 1455 329 1543 παρά
343 1463 433 1525 Χίων
449 1460 505 1524 καλ
520 1453 602 1540 παρ’
618 1454 825 1542 Ἐρυθραίων
839 1459 894 1525 καλ
910 1454 990 1541 παρ’
1003 1448 1062 1538 ,οἷν
1082 1451 1126 1523 άν

166 1559 298 1626 ἕκαστοι
309 1555 493 1640 δύνωνται,
516 1555 646 1622 τούτων
655 1563 724 1623 τῶν
735 1553 798 1641 τὴν
810 1555 922 1624 Ἀσίαν
938 1553 1127 1623 οἰκούντων

122 1669 158 1722 25
167 1661 270 1740 λέγω,
292 1653 441 1739 χρήματα
459 1654 696 1739 λαμβάνουσιν.
730 1653 938 1741 λαμβάνουσι
954 1655 991 1722 δὲ
1011 1658 1047 1722 οί
1065 1653 1126 1739 μὲν

167 1761 295 1841 ἔχοντες
305 1745 492 1836 μίανῆδῦο
505 1758 588 1828 ναῦς
605 1753 777 1838 ἐλάττονα,
801 1757 834 1820 οἱ
851 1754 886 1821 δέ
903 1758 1000 1837 μειῖω
1018 1753 1126 1824 δύνα-

166 1881 224 1941 μιν
241 1857 386 1919 πλείονα.
420 1852 475 1917 καὶ
493 1851 644 1918 διδόασιν
659 1856 694 1918 οἱ
707 1851 853 1930 διδόντες
869 1853 947 1920 οῦτε
964 1849 1005 1918 τά
1022 1852 1125 1937 μικρά

166 1950 245 2019 οῦτε
256 1949 295 2016 τά
307 1949 413 2015 πολλά
423 1944 498 2016 ἀντ’
517 1946 656 2027 οὐδενὸς
677 1947 734 2032 (οῦ
744 1950 810 2035 γάρ
822 1949 910 2018 οὕτω
923 1956 1123 2036 μαίνονται),

165 2049 241 2120 άλλ’
258 2046 445 2133 ὠνούμενοι
461 2045 505 2132 μη
523 2045 711 2116 άδικείσθαι
731 2047 810 2127 τοῦς
831 2045 908 2132 παρ’
931 2045 1045 2116 αὑτοῖν
1066 2053 1124 2116 ἐκ·

166 2153 326 2226 πλέοντας
346 2145 528 2232 ἐμπόρους,
561 2145 605 2232 μη
629 2155 813 2234 συλᾶσθαι,
843 2153 1124 2232 παραπέμπεσθαι

166 2247 206 2315 τά
226 2257 323 2317 πλοῖα
340 2247 380 2314 τά
398 2243 528 2331 αὐτῶν,
550 2244 591 2312 τά
607 2254 758 2313 τοιαῦτα·
781 2248 863 2333 φασὶ
875 2243 905 2312 δ’
925 2244 1059 2325 εὐνοίας
1070 2251 1123 2315 δι-

111 2352 157 2422 ’26
167 2347 279 2435 δόναι,
301 2349 465 2415 καὶτοῦτο
477 2341 614 2430 τοῦνομ’
629 2341 743 2429 ἔχειτὰ
755 2345 907 2431 λη’μματα
918 2350 1032 2411 ταῦτα.
1067 2347 1123 2437 καλ

166 2445 206 2533 δη
218 2448 272 2515 καὶ
282 2456 347 2515 νῦν
357 2453 405 2534 τῷ
417 2449 592 2511 Διοπείθει
605 2442 781 2530 στράτευμ’
796 2449 903 2531 ἔχοντι
919 2451 1036 2528 σαφοίς
1055 2446 1123 2512 ἐστι

164 2553 262 2613 τοῦτο
275 2549 378 2630 δῆλον
389 2541 442 2608 ὅτι
457 2541 604 2609 δώσουσι
620 2543 771 2628 χρήματα
787 2544 909 2622 πάντες
924 2534 1033 2610 οὗτοι·
1057 2543 1121 2610 πό-

164 2653 229 2709 θεν
238 2639 302 2725 γάρ
313 2648 427 2707 οίεσθε
439 2637 585 2706 ἄλλοθεν
595 2639 655 2707 τδν
667 2642 749 2726 μη’τε
761 2640 907 2728 λαβόντα
923 2638 1003 2726 παρ’
1019 2634 1122 2726 ῦμαῖν

164 2739 266 2823 μηδὲν
284 2734 359 2822 μήτ’
377 2732 481 2801 αῦτδν
497 2741 613 2820 ἔχοντα
629 2736 759 2806 ὁπόθεν
770 2736 1006 2825 μισθοδοτήσει
1017 2760 1121 2824 στρα-

162 2835 278 2913 τιῶτας
288 2836 438 2918 τρέφειν;
459 2836 494 2901 ἐκ
505 2843 567 2902 τοῦ
579 2833 729 2920 ούρανοῦ
736 2867 744 2919 ;
762 2837 823 2906 ούκ
836 2844 905 2907 έστι
914 2847 1030 2922 ταῦτα,
1043 2837 1117 2905 ἀλλ’

162 2931 224 3016 ἀφ’
238 2923 285 2998 ὧν
296 2929 418 3016 ἀγείρει
430 2937 485 3000 καλ
496 2941 730 3017 προοαιτείιιαλ
741 2943 937 3022 δανειζεται,
959 2935 1026 3007 άπό
1038 2937 1119 3005 τού-

118 3045 154 3104 27
162 3058 230 3100 των
243 3030 356 3115 διάγει.
391 3029 492 3100 οῦδὲν
503 3027 567 3101 ούν
577 3033 659 3103 άλλο
670 3044 825 3105 ποιοῦσιν
840 3040 872 3103 οἱ
888 3042 1116 3121 κατηγοροῦν-

163 3158 216 3210 τες
231 3135 266 3200 έν
281 3127 393 3217 ὑμίνῆ
409 3136 630 3218 προλέγουσιν
648 3133 751 3203 άπασι
768 3132 845 3223 μηδ’
871 3132 987 3203 ὁτιοῦν
1002 3138 1115 3221 ἐκείνῳ

163 3231 309 3323 δηδόναι,
333 3226 377 3308 οῦς
396 3231 451 3297 καὶ
472 3238 533 3298 τοῦ
554 3241 713 3318 μελλῆσαι
730 3233 872 3301 δάσοντι
890 3237 1002 3316 δίκην,
1024 3232 1116 3319 μήτι

162 3327 341 3415 ποιήσαντί
347 3353 385 3412 γε
395 3323 418 3412 η’
429 3335 783 3419 συγκαταπραξαμένςο.
816 3330 908 3398 τοῦτ’
921 3333 1005 3398 εἰσὶν
1014 3336 1050 3398 οί
1058 3329 1114 3398 λό-

154 3444 230 3513 γοι*
252 3430 361 3513 μέλλει
372 3428 829 3516 πολιορκεῖν,τοῦςἝλληνας
839 3432 1007 3499 ἐκδίδωσι·
1026 3433 1112 3514 μέλει
