2340 3894
136 204 178 267 τε
303 203 307 211 ·
368 198 860 279 ν.«ΑιιΜοξονΝονει
916 204 918 208 “

134 364 172 434 τά
185 367 360 452 συμφέρον
370 365 528 447 φαίνεταί
536 385 613 446 μοι..
636 356 760 426 ὅτανδ’
773 363 826 427 ἐπὶ
843 358 972 444 θάτερα
983 356 1098 441 ὥσπερ

136 471 182 543 είς
192 463 362 549 τρυτάνην
371 460 536 546 άργύριον
546 461 779 544 προσενέγκῃς,
792 467 914 543 οἴχεται
924 460 1031 542 φέρου
1041 461 1097 527 καὶ

134 570 336 633 καθείλκυκε
357 559 419 631 τὸν
439 557 601 645 λογισμὸν
622 553 671 642 ἐφ’
696 554 797 642 αὑτὸ,
815 558 870 624 καὶ
897 551 961 623 οὐκ
983 551 1028 623 άν
1050 553 1092 623 ἔτ’

135 659 249 746 ὀρθοῖς
266 658 340 729 οὐδ’
355 657 491 745 ὑγιάςὸ
511 666 611 726 τοῦτο
629 656 771 743 ποιήσας
788 656 864 741 περὶ
881 653 1023 733 οὐδενὸς
1040 664 1097 723 λο-

134 769 271 846 γίσαιτο.
792 807 795 817 2

70 946 75 952 ἰ
93 884 127 939 13
213 857 272 927 Ἓν
289 857 350 944 μὲν
368 848 433 924 οὖν
450 862 554 941 ἔγωγε
571 862 707 940 πρῶτον
729 851 893 938 ὑπάρχειν
909 853 995 937 φήμὶ
1013 855 1097 936 δεῑυ,

135 957 226 1038 ὅπως
238 953 507 1041 είτεσυμμάχους
518 965 583 1023 εἴτε
595 953 754 1032 σύνταξιν
771 949 826 1020 εἴτ’
838 951 920 1020 άλλο
930 979 962 1018 τι
972 952 1098 1038 βούλε-

134 1062 191 1124 ταί
199 1083 249 1134 τις
260 1054 519 1134 κατασκευάζειν
529 1061 571 1139 τῇ
582 1054 687 1138 πόλει,
698 1049 761 1137 τήν
772 1049 990 1137 ὑπάρχουσαν
1005 1051 1098 1138 είρή-

3 1157 6 1167 '
134 1151 250 1240 νήνμή
267 1152 360 1220 λάων
370 1159 469 1220 τοῦτο
481 1152 621 1238 ποιήσει,
635 1147 747 1236 ούχὼς
757 1149 958 1238 θαυμαστήν
968 1147 1042 1218 οὐδ’
1053 1147 1099 1229 ὡς

5 1238 13 1248 ”
135 1251 231 1333 άξίαν
242 1243 348 1320 οὖσαν
359 1247 470 1335 ὑμῶν·
495 1248 563 1319 ἄλλ’
576 1246 674 1318 ὁποία
691 1257 740 1327 τίς
750 1249 821 1317 ποτ’
833 1253 923 1318 ἐστὶν
934 1249 1019 1336 αὕτη
1029 1301 1039 1334 ,
1051 1248 1096 1336 μή

135 1354 295 1436 γενέσθαι
310 1357 440 1435 μάλλον
458 1347 522 1436 εἶχε
533 1363 603 1428 τοῖς
613 1348 784 1436 πράγμασι
794 1345 915 1432 καιρὸν
925 1344 947 1435 ή
957 1374 1099 1435 γεγενή-

136 1454 218 1536 μάυη
230 1457 296 1518 νῦν
308 1447 345 1516 δι’
357 1446 445 1536 ήμάς
455 1456 620 1534 λυθῆναι·
642 1443 747 1516 πολλά
759 1444 824 1533 γάρ
838 1453 1035 1533 προείμεθα,
1048 1439 1099 1516 ὦν·

136 1545 358 1636 ὑπαρχόντων
367 1545 431 1615 τότ’
444 1543 488 1614 άυ
499 1544 521 1632 ή
531 1555 597 1615 νῦν
616 1546 862 1633 ἀσφαλέστερος
877 1549 932 1615 καὶ
948 1547 1043 1636 βήωυ
1052 1540 1098 1634 ἦν
1148 1574 1153 1579 ·

94 1664 129 1718 14
136 1646 216 1734 ἡμῖν
231 1647 248 1715 ὁ
262 1647 413 1732 πόλεμος.
448 1645 608 1731 δεύτερον
622 1646 669 1731 δὲ,
688 1643 775 1732 ὁράν
792 1644 882 1726 ὅπως
893 1647 937 1733 μή
950 1647 1099 1732 προαξό-

137 1739 1099 1832 μεθα,άάνδρεςἈθήναίοι,τοδςσυνελήλυθόταςτοάτους

133 1847 189 1913 καὶ
195 1843 385 1930 φάσκοντας
392 1841 639 1929 Ἀμφικτύονας
649 1853 714 1911 νῦν
726 1843 811 1911 εἶναι
822 1851 869 1924 είς
879 1843 1032 1933 ἀνάγκην
1042 1849 1099 1914 καὶ

133 1944 306 2028 πρόφασιν
316 1948 434 2010 κοινοῦ
444 1946 593 2027 πολέμου
604 1941 791 2029 πρὸςήμάς.
816 1943 880 2029 ἐγώ
898 1942 981 2030 γάρ,
1000 1949 1100 2030 είγέ-

133 2038 221 2109 νονθ’
233 2039 313 2127 ήμτν
324 2039 408 2124 πρὸς
420 2047 589 2110 Φίλιππον
600 2041 702 2109 πάλιν
719 2041 863 2127 πόλεμος
881 2041 919 2110 δι’
932 2040 1099 2128 Ἀμφίπο-

135 2149 190 2207 λιν
200 2137 223 2225 ή
230 2165 262 2206 τι
272 2147 427 2207 τοιοῦτον
438 2145 587 2226 ἔγκλημα
598 2144 697 2224 λ’διου,
715 2133 760 2208 οὗ
769 2139 813 2227 μή
827 2146 1000 2228 μετέχουσι
1012 2151 1098 2211 Θετ-

135 2240 229 2308 ταλοὶ
245 2236 324 2325 μηδ’
339 2238 478 2325 Ἀργεῑοι
494 2241 576 2326 μηδὲ
589 2247 740 2326 Θηβαῖοι,
759 2237 822 2307 οὐκ
833 2235 877 2307 άν
892 2239 973 2327 ήμῑν
985 2251 1098 2327 οἴομαι

93 2361 126 2415 15
135 2336 265 2406 τούτων
277 2335 399 2406 οὐδένα
411 2347 604 2425 πολεμήσαι,
616 2341 671 2408 καὶ
683 2337 819 2407 πάντων
829 2337 948 2425 ήκιστα
959 2348 1034 2427 (καί
1040 2367 1099 2427 μοι

135 2433 179 2524 μή
192 2438 370 2525 θορυβήσῃ
382 2441 495 2525 μήδείς
505 2441 586 2520 πρὶν
604 2435 762 2523 ἀκοῦσαι)
774 2445 958 2524 Θηβαίους,
976 2437 1040 2525 οὐχ
1053 2436 1099 2517 οδς

134 2535 240 2623 ήδέως
251 2543 384 2621 ἔχουσιν
394 2533 490 2622 ήμῖν,
504 2535 578 2604 οὐδ’
593 2535 637 2614 ὣς
649 2535 712 2604 οὐκ
724 2531 768 2604 άυ
778 2541 962 2621 χαρίζοιντο
975 2545 1098 2606 Φιλίπ-

135 2659 197 2723 πφ,
210 2631 278 2702 ἄλλ’
291 2643 402 2702 ίσασιν
413 2632 570 2720 άκριβοῐς,
578 2641 607 2703 εί
616 2638 671 2703 καὶ
684 2634 774 2703 πάνυ
785 2635 903 2721 φήσειέ
912 2662 961 2715 τις
972 2633 1099 2714 αὐτοὺς
1106 2665 1140 2719 51

135 2731 362 2818 ἀναισθήτους
372 2732 466 2815 εἶναι,
475 2732 527 2802 ὅτι
538 2739 568 2802 εί
577 2735 752 2819 γενήσεται
764 2735 909 2821 πόλεμος
919 2732 1003 2819 πρὸς
1010 2732 1099 2821 ὑμᾶς

136 2828 257 2917 αὐτοῖς,
269 2831 309 2898 τά
320 2831 381 2916 μὲν
392 2830 479 2900 κακά
495 2831 596 2901 πάνθ’
611 2834 744 2921 ἕξουσιν
756 2834 869 2919 αὐτοὶ,
887 2849 954 2914 τοῖς
966 2831 998 2903 δ’
1012 2831 1099 2919 άγα-

134 2939 211 3006 θοῖς
228 2930 419 3015 ἐφεδρεύων
436 2932 547 3016 ἕτερος
564 2938 764 3002 καθεδεῖται.
800 2933 928 3005 οάκουυ
954 2934 1099 3022 προείντ’

135 3024 178 3097 άυ
189 3024 314 3105 αὐτοὺς
326 3035 372 3108 εἰς
381 3037 498 3115 τοῦτο,
511 3030 556 3117 μή,
568 3030 683 3118 κοιυής
694 3040 752 3119 τής
762 3031 866 3120 ἀρχῆς
876 3037 933 3103 καὶ
943 3042 1002 3122 τῆς
1012 3041 1109 3105 αίτί-,

92 3142 126 3196 16
136 3154 174 3206 ας
184 3124 287 3212 οάσής
297 3133 360 3194 τοῦ
371 3133 529 3214 πολέμου.
556 3128 637 3198 οὐδὲ
645 3157 683 3216 γε
694 3137 726 3199 εί
734 3133 837 3200 πάλιν
847 3131 933 3216 πρὸς
942 3131 1101 3219 τοδςθη·

133 3232 250 3314 βαίους
259 3228 506 3314 πολεμήσαιμεν
517 3228 556 3296 δι’
566 3227 759 3318 Ὡροπδν,ή
770 3240 875 3300 τιτῶν
883 3237 989 3319 ίδίοον,
996 3231 1101 3302 οὐδὲν

135 3323 179 3395 άν
188 3322 275 3412 ἡμᾶς
286 3335 410 3394 παθεῖν
421 3324 580 3414 ἡγοῦμαιΙ
600 3326 731 3412 καὶγὰρ
742 3326 823 3415 ήμίν
833 3328 1002 3410 κάκείνοις
1018 3330 1110 3410 τούς

135 3431 349 3512 βοηθοῦντας
364 3420 409 3494 άυ
427 3425 536 3515 οἶμαι,
558 3433 606 3507 είς
623 3424 686 3514 τήν
702 3431 828 3497 οἰκείαν
845 3439 878 3499 εί
885 3456 936 3509 τις
946 3430 1098 3518 ἐμβάλοι,
