2340 3894
339 185 498 253 :MA
519 186 789 267 Φιλιππου
806 189 847 249 A.
1021 183 1065 253 47

61 352 433 430 48θιινεῖν,’στρατηγού
444 343 479 412 δὲ
490 344 679 430 μαχόμενον
690 360 756 424 τοῖς
767 354 942 434 πολεμίοις.
971 345 1065 434 ἡμῶν

103 436 138 507 δ’
151 443 187 509 οἱ
194 442 257 524 μέν
267 443 450 526 περιιόντες
467 442 548 527 μετὰ
558 448 832 529 Λακεδαιμονίων
849 447 931 530 φασὶ
942 453 1063 515 Φίλιπ-

102 564 170 606 πον
182 539 340 623 πράττειν
348 541 411 627 την
422 546 579 626 Θηβαίων
589 540 772 608 κατάλυσιν
783 545 838 609 καὶ
848 541 907 622 τάς
917 551 1064 612 πολιτεί·

103 665 142 717 ας
160 642 372 722 διασπᾶν,οί
386 640 419 706 δ’
434 637 477 716 ὡς
494 643 645 726 πρέσβεις
661 645 836 727 πέπομφεν
854 639 897 720 ὡς
913 647 1060 729 βασιλέα,

103 741 139 805 οί
148 735 181 804 δ’
195 739 232 804 έν
240 735 410 821 Ἰλλυριοῖς
420 737 534 816 πόλεις
549 745 705 824 τειχιζειν,
728 747 763 808 οί
779 741 814 809 δὲ
825 741 947 827 λόγους
957 743 1062 810 πλάτ-

62 836 368 929 49τοντεςιὲκαστος
378 837 630 922 περιερχόμεθα.
662 837 725 923 ε’γά
738 837 764 906 θ’
777 839 866 926 οἶμαι
877 843 949 926 μὲν,
962 834 988 908 ὦ
999 839 1062 908 άν-

104 939 182 1018 ὅρες
191 932 373 1022 Ἀθηναῖοι,
385 937 427 1021 νη
440 937 517 1014 τους
533 937 636 1015 θεοὺς
647 940 775 1006 ἐκεῖνον
791 940 933 1025 μεθύειν
944 947 991 1026 τῷ
1001 965 1060 1025 με

103 1036 229 1120 γίθει
211 1042 281 1101 τῶν
295 1037 539 1121 πεπραγμένων
555 1038 609 1104 καὶ
622 1035 727 1104 πολλὰ
739 1046 875 1105 τοιαῦτα
886 1035 1062 1122 ὀνειροπο-

102 1135 214 1200 λεῖν’
197 1159 235 1200 εν
254 1139 294 1218 τῇ
314 1133 446 1220 γνάμη,
467 1131 570 1220 τήντ’
593 1138 731 1221 ἐρημίαν
758 1163 826 1204 των
837 1137 1063 1206 κωλυσόντων

103 1229 238 1315 ὁροῖντα
255 1233 310 1298 καὶ
327 1247 394 1310 τοῖς
411 1234 653 1319 πεπραγμένοις
668 1237 870 1352 ἐπηρμένον,
888 1233 930 1302 οὐ
947 1238 1060 1321 μέντοι
1154 1298 1157 1303 .

104 1354 141 1414 γε
163 1326 210 1415 μά
232 1326 290 1397 Δί’
315 1327 404 1396 οὕτω
426 1339 659 1416 προαιρεῖσθαι
681 1331 837 1416 πράττειν
877 1326 980 1398 ὥστε
981 1330 1062 1409 τούς

103 1424 349 1513 ἀνοητοτάτους
365 1454 434 1495 των
451 1426 526 1512 παρ’
546 1426 625 1516 ἡμῖν
642 1432 764 1497 εἰδέναι
779 1436 814 1496 τί
826 1432 936 1514 μέλλει
953 1444 1062 1496 ποιεῖν

64 1537 96 1588 60
106 1524 283 1605 ἐκεῖνος’
263 1524 478 1613 ανοητότατοι
488 1527 552 1619 γάρ
565 1533 650 1596 εἰσιν
660 1554 691 1595 οι
685 1531 965 1611 λογοποιοῦντες.
989 1524 1058 1594 ἀλλ’

104 1621 150 1693 ἄν
166 1623 309 1711 ἀφέντες
318 1621 407 1692 ταῦτ’
419 1628 526 1694 έκεῖνο
542 1629 700 1712 εἰδῶμεν,
718 1623 770 1695 ὅτι
787 1623 906 1711 ἐχθρὸς
921 1623 1061 1709 ἅνθρω-

104 1749 167 1804 πος
182 1725 238 1793 καὶ
254 1720 295 1791 τά
310 1721 452 1811 ἡμέτερα
469 1721 553 1810 ἡμᾶς
564 1722 741 1806 άποστερεῖ
753 1727 808 1793 καὶ
818 1723 942 1809 χρόνον
953 1722 1063 1791 πολὺν

105 1821 244 1910 ὕβρικε,
261 1824 316 1890 καὶ
332 1819 457 1891 ἅπανθ’
469 1821 534 1891 ὅσα
551 1820 674 1890 πώποτ’
686 1820 870 1909 ἠλπίσαμέν
879 1848 954 1890 τινα
972 1821 1061 1905 πρά-

105 1927 175 2002 ξειν
194 1918 282 2003 ὑπὲρ
303 1917 400 2006 ἡμῶν
421 1919 506 1987 καθ’·
520 1918 615 2006 ἡμῶν
636 1919 791 2008 εὕρηται,
815 1923 871 1991 καὶ
897 1919 938 1989 τά
958 1917 1059 1988 λοιπὰ

104 2023 143 2089 ἐν
162 2015 277 2096 αὐτοῖς
296 2014 377 2105 ἡμῖν
398 2018 481 2103 ἐστὶ,
502 2015 567 2085 κάν
586 2016 630 2106 μὴ
650 2027 715 2087 νῦν
731 2023 899 2106 ἐθέλωμεν
917 2025 1060 2089 έκεῖπο-

103 2128 217 2204 λεμεῖν
239 2113 348 2205 αὐτῷ,
380 2113 494 2185 ένθάό
512 2126 591 2195 ίσως
618 2115 948 2205 ἀναγκασθησόμεθα
959 2125 1058 2186 τοῦτο

104 2231 226 2301 ποιεῖν,
233 2210 387 2284 άνταῦτα
395 2219 545 2301 εἰδῶμεν,
558 2215 658 2284 καὶτὰ
671 2220 787 2284 δέοντα
799 2217 943 2302 ἐσόμεθα
953 2221 1060 2302 έγνω-

103 2315 201 2394 κότες
233 2317 289 2383 καί
310 2313 418 2399 λόγων
449 2323 599 2403 ματαίαν
630 2313 892 2401 ἀπηλλαγμένοι·
925 2314 1060 2400 οὐγὰρ

103 2414 187 2483 ἅττα
203 2411 275 2483 ποτ’
291 2418 382 2481 ἔσται
399 2418 452 2482 δεῖ
465 2429 618 2498 σκοπεῖν,
647 2411 716 2481 ἀλλ’
735 2412 787 2480 ὅτι
803 2421 925 2499 φαῦλα,
933 2410 994 2479 έάν
1013 2411 1059 2499 μη

103 2517 286 2601 προσέχητε
295 2511 356 2579 τόν
365 2519 451 2579 νοῦν
463 2511 567 2580 καὶτὰ
579 2512 789 2598 προσήκοντα
798 2525 904 2579 ποιεῖν
914 2513 1060 2598 ἐθέλητε,

105 2605 146 2682 εὖ
157 2616 289 2681 εἰδέναι
358 2672 362 2679 ,

59 2735 93 2787 51
185 2707 269 2795 'Hyan
288 2709 327 2796 μὲ
328 2737 350 2777 ν
367 2702 432 2777 οὖν
450 2708 517 2780 οὔτ’
536 2709 653 2778 ἄλλοτε
670 2711 801 2777 πώποτε
813 2734 895 2793 προς
905 2735 1001 2797 χάριν
1011 2713 1061 2777 εί

103 2809 214 2899 λόμην
225 2807 417 2895 λέγεινὸτι
428 2806 472 2878 άν
482 2809 527 2896 μὴ
539 2814 593 2877 καὶ
607 2817 775 2879 συνοίσειν
792 2806 873 2894 ὑμῖν
883 2812 1061 2894 πεπεισμέ-

102 2937 163 2990 νος
180 2936 225 2994 οι,
240 2918 307 2977 νῦν
322 2935 358 2976 τε
368 2936 390 2976 α
410 2908 585 2995 γιγνώσκω
601 2905 702 2977 πάνθ’
716 2905 837 2993 άπλως,
856 2903 993 2975 οὐθέν’
974 2932 1061 2974 υπο-

103 3005 328 3095 στειλάμενος,
347 3014 643 3095 πεπαρρησίασμαι.
674 2999 941 3127 έβουλόμηνὸ’
919 3032 972 3086 αν,
991 3005 1060 3072 οἵσ-

104 3130 166 3190 περ
185 3104 238 3174 ὅτι
253 3103 335 3192 ὑμῖν
353 3111 517 3194 συμφέρει
533 3133 573 3172 τα
562 3103 773 3192 βέλτιστα’
754 3106 891 3173 ακοόειν
901 3100 1040 3192 οῖδα,“
998 3130 1059 3171 ου·
1069 3120 1106 3176 56

105 3233 168 3285 τως
179 3206 304 3274 εἰδέναι
315 3219 475 3275 συνοῖσον
485 3207 541 3273 καὶ
553 3211 599 3294 τῷ
611 3230 651 3271 τα
639 3202 855 3290 βέλτισταί
824 3229 839 3270 ε
853 3201 965 3270 πόντι·
978 3210 1061 3267 πολ

105 3313 152 3395 λςό
170 3302 236 3388 γάρ
251 3299 296 3371 &v
312 3301 458 3389 ἥδιον
428 3328 531 3372 ειπον.
562 3299 707 3371 νυνθ’έ
707 3327 730 3368 π
691 3280 943 3386 Γάδήλόις
902 3318 977 3366 ουσι
993 3311 1061 3373 τοῖς

106 3400 170 3473 ιἰπὸ
183 3403 316 3471 τούτων
327 3406 459 3494 ἐμαυτῷ
474 3404 725 3490 γενησομένοις,
736 3399 826 3487 ὅμως
843 3400 896 3466 ἐπὶ
912 3403 959 3486 τῷ
975 3416 1061 3463 συν·
