2340 3894
338 689 775 778 PRAEFATIO

222 868 572 937 unrurours
610 870 903 936 uuurrnu.

488 1047 663 1062 5—-
752 1052 754 1057 .

140 1190 183 1246 De
206 1189 352 1246 codicibus
373 1190 568 1246 Demosthenis
589 1207 673 1262 quum
694 1193 722 1246 in
739 1193 910 1246 Praefatione
927 1192 1058 1251 editionis

60 1276 187 1344 majoris,
207 1290 279 1346 quae
301 1276 393 1344 ampio
416 1277 549 1329 instructa
564 1282 699 1346 apparatu
722 1276 816 1330 critico
834 1275 933 1331 Oxonii
955 1279 1057 1347 prodiit

61 1373 84 1410 a
101 1361 178 1426 1846,
191 1358 385 1427 exposuerim,
403 1374 438 1412 ea
455 1363 558 1413 tantum
574 1375 645 1428 quae
667 1358 702 1412 dc
718 1358 794 1412 libris
811 1359 1025 1428 antiquissimis,
1041 1378 1059 1417 a

62 1441 158 1509 quibus
175 1441 275 1495 harum
293 1440 446 1495 orationum
464 1440 620 1495 emendatio
636 1442 693 1495 sere
713 1447 768 1494 tota
783 1440 901 1512 pendet,
928 1443 983 1496 iilic
1000 1442 1066 1503 dixi.

61 1522 112 1578 hoc
132 1524 196 1577 loco
219 1528 342 1592 repetam
354 1524 436 1578 novis
452 1524 661 1579 accessionibus
676 1529 767 1578 aucta.

139 1605 337 1662 Demosthenis
353 1608 507 1662 orationum
520 1607 648 1662 diversas
660 1607 808 1682 antiquitus
819 1610 999 1664 recensiones
1011 1624 1059 1663 ex·

63 1689 162 1743 stitisse
174 1689 419 1760 grammaticorum
444 1690 618 1759 quorundam
634 1697 804 1760 compertum
825 1690 960 1747 habemus
984 1694 1059 1746 testi·

63 1774 175 1839 moniis,
183 1788 275 1842 ουλε
293 1777 385 1826 tamen
410 1778 436 1826 et
456 1774 590 1844 pauciora
611 1778 637 1828 et
657 1773 820 1828 obscuriora
842 1780 906 1827 sunt
927 1791 1008 1845 quam
1030 1782 1059 1829 ut

64 1853 188 1949 indagari
205 1856 298 1925 possit
312 1871 385 1925 quae
397 1858 590 1911 recensionum
613 1857 722 1912 iliarum
744 1859 789 1910 vei
813 1851 867 1909 ad
863 1858 953 1927 prima
969 1864 1059 1912 orato·

62 1939 99 1992 ris
118 1940 292 2014 exemplaria
305 1937 488 1994 Atheniensis
502 1940 573 1994 ratio
588 1941 656 1994 vet'
649 1955 772 2034 ipsarum
794 1941 885 2010 origo
894 1947 921 1995 et
940 1942 1058 1997 auctori·

63 2027 101 2075 tas
122 2022 214 2076 inerit
245 2023 287 2077 Ac
309 2021 399 2092 primo
421 2022 532 2116 quidem
545 2024 724 2093 Harpocratio
737 2009 905 2076 Ἀτιιιιιανολ
921 2026 1058 2094 quaedam

64 2111 196 2159 memorat
221 2106 407 2175 exemplaria,
442 2106 569 2173 nomine,
597 2113 626 2159 ut
656 2112 731 2160 recte
759 2106 915 2176 conjecisse
947 2107 1058 2162 videtur

63 2185 309 2243 iiemstcrhusius
303 2205 332 2242 ru
349 2188 457 2242 Anecd.
472 2190 528 2242 vol.
546 2195 570 2245 1.
587 2205 615 2258 p.
631 2193 704 2256 244„
719 2191 753 2243 ab
767 2182 859 2244 Attico
869 2189 951 2244 ducto
967 2206 1059 2244 cocu-

62 2271 103 2338 jus
125 2272 151 2324 in
169 2270 327 2327 scribendis
347 2270 490 2326 codicibus
512 2271 682 2342 diligentiam
705 2273 843 2326 Lucienus
864 2272 1035 2341 praedicat'
1029 2288 1058 2326 m

64 2354 150 2407 libello
169 2370 251 2424 quem
271 2354 410 2409 adversus
425 2353 566 2409 indoctum
582 2355 667 2410 libros
678 2355 778 2408 multos
793 2360 930 2409 ementem
947 2356 1059 2448 scripsit

19 2503 23 2509 .
64 2438 115 2490 vol.
141 2442 167 2495 3
195 2455 224 2507 p.
251 2434 311 2495 100
339 2431 391 2491 ἵνα
405 2447 455 2532 οοι
478 2421 548 2492 δῶ
546 2421 621 2491 obrui
642 2429 741 2490 ἐκεῖνοι
770 2423 980 2527 ιειιριιιέναι”
964 2422 1057 2491 οσαὸ

65 2517 206 2587 Καλλινος
230 2512 259 2586 ἐς
274 2506 419 2588 κάλλος
399 2537 419 2592 η
438 2537 454 2574 ο
476 2508 621 2611 ἀοίδιμος
625 2505 755 2585 Ἀττιιιός
776 2528 832 2574 σον
853 2510 1000 2598 ἕπιμελεία
1022 2515 1059 2615 τῇ

64 2592 139 2702 oripi]
159 2593 311 2676 γράψοιεν
334 2610 386 2658 etc.
403 2609 473 2674 etp.
496 2608 556 2661 119.
590 2612 626 2656 σο
649 2589 676 2655 d'
696 2597 753 2656 οἴει
768 2591 934 2675 συνήγορον
955 2592 1058 2657 ιιοινὸν

65 2679 110 2739 uui
129 2703 268 2777 μοιρινριι
296 2680 420 2741 ἔσεσθαί
442 2698 488 2740 σοι
509 2702 575 2740 ιον
584 2671 717 2740 Ἀττικὸν
741 2678 793 2739 κοιλ
819 2684 967 2739 Καλλῖνον
991 2671 1085 2754 τοὺς,
1158 2761 1160 2765 Α

65 2759 311 2844 βιβλιογράφους·
337 2786 419 2840 quem
439 2768 590 2824 Aeschinis
617 2783 726 2839 quoque
754 2769 909 2822 orationum
930 2761 1060 2839 exempla

10 2862 17 2929 t
65 2855 219 2908 coniecisse
243 2868 279 2905 ex
300 2852 518 2945 Harpocrationc
541 2851 684 2919 novimus,
708 2851 753 2921 qui
769 2850 839 2905 haec
863 2851 971 2906 duobus
989 2852 1059 2906 locis

65 2942 210 3003 memorat,
235 2954 258 2991 s.
275 2951 303 2990 v.
316 2921 422 3010 Ἀργᾶς
438 2942 465 2990 et
487 2925 630 3001 Θύοιιον,
657 2932 871 2989 Demosthenioa
887 2950 955 2988 vero
972 2924 1061 2991 tribus'

64 3019 137 3086 locis,
155 3034 276 3090 quorum
289 3020 396 3090 primus
413 3027 490 3073 ests.
503 3035 531 3072 v
543 3004 700 3071 Ἀνελοῦοιι
711 3017 881 3072 exoratione
893 3023 988 3072 contra
1003 3020 1059 3072 An-

64 3101 217 3194 drptionem
244 3119 273 3172 p
302 3107 364 3169 599,
384 3105 428 3160 03.
451 3102 494 3156 ubi
517 3094 550 3155 ἕν
572 3101 633 3167 τοῖς
653 3088 845 3167 Ἀττιιιιανοις
866 3085 967 3170 διττὴν
987 3119 1057 3176 γρα-

64 3171 121 3257 ψὴν
132 3193 247 3241 exstare
264 3191 392 3251 annotat,
414 3184 542 3250 alteram,
538 3198 636 3276 quae
651 3182 736 3238 hodie
753 3199 863 3254 quoque
886 3185 1000 3256 vulgata
1017 3191 1060 3240 est

64 3259 206 3326 ἀνελοῦσα
232 3253 291 3368 γὰρ
312 3254 353 3359 (ἡ
320 3252 489 3341 (βουλὴ)
515 3252 568 3321 τὸν
593 3257 686 3338 νόμον
708 3263 814 3321 τοῦτον
844 3257 1059 3361 ἕχειοοτόνησεν

64 3339 152 3425 αὐτὴν
170 3354 232 3423 (vel
247 3337 372 3422 cornu),
389 3353 502 3406 alteram
517 3366 552 3405 ex
567 3351 654 3405 critici
671 3350 802 3420 alicujus,
821 3357 850 3404 ut
867 3352 978 3422 opinor,
995 3363 1059 3405 con-

64 3436 162 3505 jectura
177 3453 231 3510 pro
233 3438 352 3503 tectam,
375 3421 520 3489 ἀνελοῦσα
546 3418 603 3525 γολρ
628 3419 680 3488 τὸν
704 3423 799 3512 νόμιον
825 3429 975 3552 apricos
951 3423 1059 3503 ἐχειρο-

815 3530 833 3569 a
