2340 3894
269 190 398 253 affl
416 190 530 253 ΤΩΝ
545 192 889 259 mmmm.
997 195 1059 261 1⁶7

97 360 204 422 ταῦτα
216 348 305 419 οὕτω
316 350 539 437 συντετάχθαι
548 353 634 437 φημὶ
647 357 733 420 δεῖν·
756 352 799 420 δι’
814 353 834 423 ὃ
847 353 891 442 δ’,
913 364 1057 442 εἴσεσθε,

96 447 235 521 ἐπειδάν
244 449 327 518 ὅλον
336 449 396 518 τὸν
406 448 602 536 τρόποντής
612 451 798 532 συντάξεως
810 450 988 539 άκοάσητε·
1000 452 1060 533 τάς

53 569 89 624 18
98 549 135 619 δὲ
145 547 291 634 τριήρεις
303 555 389 627 πῶςς
413 547 473 614 τὸν
485 545 617 616 ἅπαντα
627 546 776 635 άριθμὸν
786 550 1059 637 κελεάωτριακο-

97 655 172 727 σίας
181 644 428 729 ἀποδείξαντας,
434 643 517 713 κατά
526 653 863 718 πεντεκαιδεκαναΐαν
870 660 976 720 είκοσι
983 675 1059 719 ποι-

10 757 12 776 “
95 755 177 835 ῆσαι
186 750 357 833 μέρητῶν
366 743 508 828 πρῶτων
518 744 638 814 ἑκατὸν
646 748 744 815 πέντε
753 749 884 816 καὶτῶν
892 752 1058 835 δευτέρων

96 843 219 917 ἑκατὸν
234 847 332 912 πέντε
344 845 399 912 καί
409 850 478 911 τῶν
488 852 607 927 τρίτων
618 842 738 913 ἑκατὸν
749 849 846 913 πέντε
857 845 985 936 ἑκάστῳ
997 849 1121 933 ped-1⁸3

95 972 149 1029 ρει
168 944 337 1029 διδόντας,
363 938 432 1017 εἶτα
455 949 690 1029 συγκληρῶσαι
706 951 873 1030 συμμορίᾳ
891 944 1057 1031 σωμάτων

94 1045 219 1132 ἑκάστη
227 1040 290 1129 τήν
301 1045 644 1128 πεντεκαιδεκαναΐαν,
656 1042 718 1130 τήν
730 1043 765 1112 δὲ
777 1051 965 1132 συμμορίαν
975 1044 1056 1113 ἑκά-

96 1163 165 1233 στῳ
181 1147 231 1231 τῷ
245 1141 336 1227 μέρει
354 1147 451 1225 σφῶν
467 1137 580 1208 αὐτῶν
596 1154 682 1225 τρεῖς
697 1139 884 1211 άποδοῦναι
900 1141 1054 1231 τριήρεις.

55 1266 88 1320 ις
97 1238 232 1311 ἐπειδάν
245 1243 281 1308 δὲ
289 1234 387 1306 ταυθ
401 1235 508 1316 οὕτως
519 1235 664 1323 ἔχοντα
647 1238 1053 1328 υπάρχη,κελεάω,ἐπειδή

94 1366 132 1410 το
121 1337 268 1426 τίμημά
280 1334 392 1405 ἐστι
359 1363 396 1404 το
405 1344 464 1422 τής
471 1336 580 1457 χώρας
589 1337 814 1422 ἑξακισχιλίων
822 1338 1050 1447 ταλάντων,ἲά

93 1436 176 1526 υμιυ
185 1433 289 1505 καὶ
252 1462 293 1505 τα
304 1432 452 1521 χρήματα
462 1427 486 1522 ᾖ
496 1437 751 1522 συντεταγμένα,
760 1441 881 1506 διελεῖν
889 1447 988 1506 τοῦτο
997 1421 1054 1507 κάλ
1134 1432 1145 1450 ’

94 1546 232 1624 ποιήσαι
255 1533 336 1603 καθ’
358 1534 517 1620 ἑξήκοντα
540 1533 725 1603 τάλαντα
707 1536 825 1604 εκατὸν
847 1539 948 1622 μέρη,
984 1535 1053 1604 εἶτα

95 1639 194 1707 πέντε
218 1639 549 1722 ἑξτμονταταλαντίας
572 1639 617 1712 είς
642 1633 785 1721 εκάστην
808 1642 876 1702 τῶν
897 1634 1052 1720 μεγάλων

94 1745 163 1805 τῶν
175 1745 281 1804 εἰκοσι
291 1740 486 1819 συμμοριῶν
498 1731 776 1819 ἐπικληρῶσαι,
740 1758 802 1818 την
814 1735 851 1801 δὲ
862 1739 1053 1819 συμμορίαν

86 1837 224 1927 ’ἑκάστην
242 1840 311 1902 τῶν
327 1839 438 1919 μερῶν
455 1841 535 1917 μίαν
553 1833 890 1918 εξηκονταταλαντίαν
902 1830 1052 1902 άποδοῶ-

55 1962 169 2022 ςρναι,
193 1932 285 2011 οπως
303 1925 346 1999 άν
364 1933 403 2017 μὲ
405 1957 426 1998 ν
437 1928 517 2016 ὑμῖν
530 1927 758 2020 ἔκατόνδίη
729 1932 892 2020 τριήρων,
915 1931 978 2020 τήν
988 1933 1050 2022 μὲν

97 2033 254 2118 δαπάνην
277 2030 436 2117 εξήκοντα
455 2029 600 2098 τάλαντα
623 2038 776 2119 συντελῆ,
799 2031 992 2119 τριήραρχοι
1016 2030 1049 2100 δ’

96 2125 159 2201 ῶσι
169 2122 351 2213 δῶδεκα,”
328 2155 372 2197 αν
384 2131 420 2195 δὲ
432 2133 623 2214 διακοσίων,
635 2130 811 2214 τριάκοντα
823 2123 917 2216 μὲν
896 2158 916 2218 χ
927 2133 1051 2202 τάλαν-

94 2258 134 2300 τα
144 2231 208 2319 τήν
218 2229 373 2315 δαπάνην
384 2236 626 2314 συντελοῦντα,
650 2231 683 2306 ἓξ
695 2228 730 2296 δὲ
742 2228 878 2312 σῶματα
892 2254 1051 2315 τριηραρ-

94 2337 236 2417 χοῦντα,
255 2325 315 2396 ἐάν
326 2327 361 2395 δὲ
374 2335 589 2410 τριακοσίων,
612 2335 715 2392 είκοσι
726 2327 787 2410 μὲν
798 2319 820 2413 ᾖ
831 2326 976 2393 τάλαντα
989 2326 1050 2412 τὴν

94 2428 250 2516 δαπάνην
262 2425 452 2509 διαλύοντα,
465 2427 603 2508 τέτταρα
614 2422 650 2491 δὲ
662 2424 797 2509 στόματα
808 2431 1051 2510 τριηραρχοῦν-

59 2555 143 2611 ητα.
165 2524 228 2597 τὸν
239 2523 391 2594 αὑτὸνδὲ
403 2523 546 2609 τρόπον,
565 2517 923 2609 ῶάνδρεςἈθηναλοι,
942 2523 997 2590 καλ
1009 2520 1050 2590 τά

92 2635 159 2697 νῦν
177 2623 380 2711 ὀφειλόμενα
398 2631 468 2691 τῶν
487 2629 619 2691 σκευῶν
641 2625 693 2690 ἐπὶ
714 2621 772 2701 τὰς
792 2622 938 2709 τριήρεις
954 2620 1052 2709 τιμή-

92 2746 216 2802 σαντας
235 2720 366 2791 ἅπαντα
383 2724 421 2807 ἐκ
437 2730 500 2790 τοῦ
522 2722 769 2809 διαγράμματος
792 2738 901 2810 νεῖμαι
923 2722 1049 2792 κελεύω

91 2827 174 2911 μέρη
193 2831 334 2908 εἴκοσιν,
358 2827 469 2890 ἔπειτα
481 2835 552 2901 ταῖς
563 2821 720 2908 μεγάλαις
730 2824 952 2909 ἐπικληρῶσαι
962 2843 1052 2917 συμ·

91 2929 223 3009 μορίαις
237 2925 336 3009 μέρος
354 2925 393 2991 ἓν
408 2923 561 3010 χρήστων
579 2921 717 3010 ἑκάστη,
741 2919 805 3008 τήν
814 2922 850 3010 δὲ
862 2927 1049 3008 συμμορίαν

91 3022 238 3108 ἑκάστην
257 3025 420 3107 διανεῖμαι
436 3029 506 3089 τῶν
524 3018 625 3106 αὐτῆς
640 3029 753 3106 μερῶν
769 3019 897 3111 ἑκάστην
912 3017 950 3089 τὰ
964 3030 1049 3102 ίσον,

91 3117 172 3202 τοὺς
181 3119 219 3188 δὲ
230 3119 360 3190 δάδεκα
369 3120 448 3202 τούς
460 3123 496 3191 ἐν
508 3120 634 3206 ἑκάστω
645 3126 693 3207 τ’,ῶ
704 3119 899 3204 μίρει,ταῦτ’
911 3118 1051 3203 είσπρά-

93 3227 214 3303 ξαντας
223 3217 282 3301 τάς
293 3221 452 3309 τριήρεις,
463 3219 503 3300 ῶς
515 3218 558 3290 άν
569 3219 700 3289 ἕκαστοι
712 3217 851 3306 λάχωσι,
864 3237 1050 3305 παρεσκεν·

50 3341 84 3394 λλ
95 3325 240 3408 ασμίνας
250 3324 414 3406 παρέχειν.
441 3321 503 3407 τήν
515 3320 576 3407 μὲν
588 3320 742 3406 δαπάνην
755 3320 810 3386 καλ
821 3317 860 3385 τά
872 3317 982 3402 σκάφη
995 3318 1050 3384 καὶ

93 3419 175 3501 τοὺς
192 3421 412 3509 τριηράρχους
429 3423 486 3489 καὶ
501 3420 641 3506 τὴντῶν
660 3426 791 3487 σκευῶν
804 3421 975 3502 εἴσπραξιν
986 3413 1051 3485 ⁰13·
