2340 3894
147 177 211 245 ³78
270 196 273 203 '
358 183 429 241 xlx.
463 177 885 241 ΑΗΜΟΣΘΕΝΟΤΣ
945 202 948 209 ·

83 367 139 423 313
147 342 322 428 ἡλωκέναι.
340 371 353 386 ··
369 334 436 406 εὖθ’
456 335 516 416 οὓς
526 337 687 422 μηδλτῶν
697 341 830 422 ἐχθρῶν
843 342 957 424 μηδεὶς
969 336 1015 407 άν
1026 343 1106 408 τού-

146 455 215 506 των
234 447 303 507 τῶν
325 442 499 523 ἐγκωμίων
518 438 575 504 καὶ
594 445 664 504 τῶν
685 439 830 504 ἐπαίνων
857 433 1105 524 ἀποστερήσειε,
1150 464 1154 469 ·

145 535 437 622 τούτωνΑίσχίνης
447 534 535 620 ὑμᾶς
544 532 608 602 ούκ
621 538 661 623 ἐᾷ
671 543 872 621 μεμνῆσθαι,
883 533 963 615 τούς
975 541 1009 616 ἐξ
1022 540 1107 606 ἐκεί-

146 661 228 717 νων,
239 632 280 701 ἵν’
295 631 396 712 οιύτός
406 633 571 719 άργύριον
582 634 682 720 λάβη;
696 635 751 701 κοιλ
763 632 831 719 μὴν
843 643 911 702 τῶν
921 636 985 721 μὲν
996 635 1107 705 ἄλλων

146 731 288 818 άγαθῶν
298 729 341 801 ού
351 735 481 818 μέτεστι
491 747 562 810 τοῖς
570 739 770 817 τεθνεῶσιν,
795 731 868 799 αἵθ’
886 735 941 801 ἐπὶ
958 749 1030 812 τοϊς
1046 761 1107 802 κα-

147 840 213 910 λῶς
244 841 443 918 πραχθεῖσιν
468 836 599 898 ἔπαινοι
625 837 695 897 τῶν
714 827 803 897 οὕτω
824 833 1107 916 τετελευτηκότων

147 934 237 999 ίσιον
251 929 358 1015 κτῆμά
371 935 470 997 εἰσιν·
492 925 572 994 οὐδὲ
581 926 645 1011 γάρ
655 925 674 995 ὁ
685 928 819 1012 φθόνος
830 924 944 1006 αύτοσς
953 934 1004 996 ἔτι
1015 957 1107 1016 τηνι-

146 1025 473 1096 καῦτ’ένοιντιοῦται.
503 1017 552 1092 ῶν
563 1023 758 1110 ἀποστερῶν
769 1027 918 1104 ἐκείνους
929 1017 1032 1105 ούτος
1044 1024 1106 1096 αύ-
1113 1053 1157 1105 ιη

96 1181 99 1186 .
145 1122 202 1202 τὰς
212 1120 256 1192 άν
265 1133 324 1210 τῆς
334 1128 493 1209 ἐπιτιμίας
504 1127 639 1201 δικαίως
649 1131 715 1190 νῦν
732 1131 927 1211 στερηθείη,
949 1130 1007 1193 καὶ
1023 1128 1105 1193 ταύ-

144 1250 207 1311 την
217 1221 301 1309 ὑπὲρ
310 1231 379 1290 τῶν
389 1223 568 1308 προγόνων
580 1220 673 1307 ὑμεῖς
684 1225 782 1308 δίκην
793 1222 926 1309 λάβοιτε
945 1222 1027 1309 παρ’
1042 1221 1103 1292 αύ-

145 1331 216 1391 τοῦ.
249 1323 415 1400 τοιούτοις
425 1325 538 1407 μέντοι
549 1321 677 1405 λόγοις,
691 1311 822 1405 duam)
835 1319 985 1406 κεφαλὴ,
1009 1321 1055 1388 σύ
1063 1318 1103 1389 τά

144 1428 215 1489 τῶν
228 1420 406 1506 προγόνων
421 1425 503 1506 έργα
517 1421 664 1505 συλήσας
684 1421 741 1486 καί
762 1420 924 1504 διασύρας
944 1428 998 1506 τῶ.
1016 1421 1104 1507 λόγῳ

80 1528 136 1585 314
147 1520 255 1588 πάντα
266 1517 307 1588 τά
317 1517 484 1604 πράγματ’
496 1516 678 1595 άπῶλεσοις.
710 1515 781 1586 εἶτα
795 1532 954 1602 γεωργεῖς
968 1522 1007 1585 ἐκ
1024 1521 1104 1615 τού-

145 1644 214 1693 των
224 1619 279 1686 καὶ
291 1615 413 1703 σεμνός
422 1620 569 1703 γέγονας.
600 1619 659 1697 καὶ
670 1614 854 1700 γάρτοῦτο.
887 1615 953 1700 πρό
965 1616 1029 1700 μὲν
1043 1624 1102 1683 τοῦ

145 1716 254 1784 πάντα
266 1715 351 1783 κακά
363 1719 539 1800 εἰργάσθαι
548 1713 610 1801 τὴν
621 1715 720 1783 πόλιν
732 1711 896 1800 ῶμολόγει
910 1739 1104 1800 γεγραμμα-

19 1830 24 1838 ’
145 1817 298 1882 τευκέναι
308 1815 363 1881 καὶ
373 1814 471 1898 χάριν
482 1811 562 1900 ύμίν
574 1818 660 1897 ἔχειν
671 1820 733 1879 τοῦ
743 1819 1038 1897 χειροτονηθῆναι,
1049 1815 1102 1880 καὶ
1148 1836 1151 1841 “

145 1917 280 1999 μέτριον
296 1927 450 1997 παρεῖχεν
467 1910 603 1980 ἑαυτόν·
626 1908 738 1995 ἐπειδὴ
758 1912 794 1989 δὲ
810 1915 912 1994 μυρία
933 1918 1102 1995 εἴργασται

142 2009 249 2091 κακά,
270 2011 328 2087 τὰς
345 2009 454 2095 ὀφρῦς
473 2008 655 2091 ἀνέσπακε,
678 2004 790 2075 κύν”ὁ
802 2008 1102 2092 γεγραμματευκὼς

142 2105 315 2192 Αίσχίνης”
335 2117 411 2195 είπη
427 2133 492 2193 τις,
516 2104 638 2193 ἐχθρός
656 2107 782 2184 εύθέως
799 2107 854 2173 καὶ
872 2114 984 2184 κακῶς
1000 2125 1102 2192 φησιν

144 2203 340 2291 ἀκηκοέναι,
362 2208 418 2274 καὶ
435 2203 490 2274 διὰ
506 2215 565 2292 τῆς
581 2205 714 2291 άγοροῖς,
725 2205 902 2290 πορεύεται
925 2205 1103 2289 θοίμάτιον

15 2304 22 2321 ’
143 2306 260 2382 καθεὶς
271 2302 347 2390 άχρι
356 2313 424 2372 τῶν
441 2313 600 2390 σφυρῶν,
624 2315 679 2372 ἴσα
696 2311 1025 2390 βαίνωνΠυθοκλεῖ,
1047 2299 1103 2378 τάς

96 2440 101 2449 ·
143 2402 294 2486 γνάθους
303 2410 684 2486 φυσῶν,τῶνΦιλέππου
694 2407 796 2481 ξένων
805 2405 860 2470 καὶ
870 2409 981 2486 φίλων
990 2398 1036 2479 εἷς
1044 2391 1103 2467 ού-

140 2496 290 2585 τοςύμῐν
299 2497 759 2586 ἥδη,τῶν·άπαλλαγῆναιτοῦ
770 2499 878 2586 δήμου
887 2500 1102 2586 βουλομένων
1120 2527 1130 2553 ι

142 2597 361 2665 καὶκλύόωνα
382 2598 439 2666 καλ
461 2606 584 2684 μανίαν
606 2597 647 2665 τά
670 2599 901 2684 καθεστηκότα
926 2591 1099 2682 πράγμαθ’

141 2689 356 2781 ἡγουμένων,
370 2695 481 2775 ὁτέως
491 2705 694 2780 προσκυνῶν
705 2695 767 2783 τὴν
776 2696 894 2764 θόλον.
1123 2684 1127 2693 ’

79 2799 132 2853 315
226 2795 395 2878 Βούλομαι
416 2803 532 2862 τοίνυν
552 2793 635 2880 ύμῖν
656 2799 811 2862 ἐπελθεῖν
832 2795 886 2861 ἐπὶ
908 2798 1100 2876 κεφαλαίων

141 2884 184 2956 ὃν
203 2888 330 2971 τρόπον
350 2888 437 2975 ὑμᾶς
454 2890 750 2960 κατεπολιτεύσατο
768 2898 933 2968 Φίλιππος
953 2897 1101 2974 προσλα-

141 2985 215 3073 miv
226 2987 365 3065 τούτους
377 2987 455 3069 τούς
463 3001 556 3069 θεοῖς
568 2991 721 3076 ἐχθρούς.
757 2988 849 3056 πάνυ
867 2985 901 3054 δ’
921 2987 1018 3066 άξιον
1034 2990 1101 3065 ἑξε-

142 3085 239 3151 τάσαι
249 3087 304 3152 καὶ
314 3087 506 3156 θεάσασθαι
515 3088 577 3176 τὴν
590 3091 721 3175 άπάτην
732 3087 823 3173 ὅλην.
846 3083 883 3153 τό
895 3086 1033 3170 μὲνγὰρ
1047 3079 1098 3151 ἀπ’

141 3180 245 3269 ἀρχῆς
261 3191 320 3270 τῆς
337 3188 469 3272 είρήνης
485 3191 679 3273 ἐπιθυμῶν,
705 3187 974 3271 διαφορουμένης
996 3180 1100 3249 αύτοῦ

142 3287 201 3364 τῆς
215 3281 323 3367 χώρας
339 3280 406 3349 ὑπὸ
424 3292 493 3350 τῶν
510 3293 644 3371 ληστῶν
660 3288 715 3352 καὶ
730 3285 952 3368 κεκλειμένων
964 3288 1035 3348 τῶν
1044 3285 1103 3365 ἐμ-

141 3385 286 3462 πορίων,
308 3379 387 3447 ὥστ’
410 3378 576 3467 ἀνόνητον
596 3388 726 3451 ἐκεῖνον
745 3380 906 3450 ἁπάντων
929 3379 1104 3448 εἶναιτῶν
