2340 3894
166 112 296 174 ΠΕΡΙ
321 108 429 172 m
455 84 912 174 mmmmm.
957 110 1019 175 εει

60 274 182 342 καὶέπὶ
193 269 254 350 τάς
264 268 414 348 εὐθύνας
423 267 545 356 ἥκω-ιδ
562 275 684 356 μίλλον
695 271 948 358 προορώμενος,
963 275 1021 341 καί

63 370 271 459 βουλόμενος
282 367 389 453 ἀμόνι
399 369 454 435 καὶ
465 371 663 458 δικαστηρίῳ
674 395 731 456 μοι
742 375 920 455 διωρίσθαι
936 367 1016 454 παρ’

10 493 52 547 24
62 468 149 555 ύμῖν
160 464 210 536 ὅτι
220 464 380 535 τάναντία
393 468 464 551 ἐμοὶ
475 469 531 533 καὶ
542 468 672 546 τούτοις
683 473 874 554 πέπρακται.
897 471 952 536 καὶ
966 472 1021 536 δέ·

62 573 177 649 δοικα,
202 567 334 633 δέδοικα
346 563 530 651 (εἰρήσεται
545 565 610 650 μάρ
629 565 735 635 πάνθ’
754 565 777 634 ἀ
800 575 918 653 φρονῶ
935 565 1079 651 πρδςλη

60 664 165 750 ὑμᾶς)
177 660 223 748 μὴ
231 661 306 730 τότε
312 662 378 747 ,μὲν
389 663 688 750 συνεπισπόσησθέ
696 690 738 751 με
747 663 808 734 τὸν
817 663 892 752 μηδ’
903 664 1019 734 ὁτιοῦν
1043 722 1057 737 ..

61 762 263 844 ἀδικοῦντα,
287 768 353 828 νῦν
375 760 407 828 δ’
429 760 703 844 ἀναπεπτωκότες
721 757 788 851 ἦτε.
830 766 1020 833 παντάπασι

60 861 147 948 μάρ,
172 850 330 944 ἀάνδρες
339 856 526 946 Ἀθηναῖοι,
548 863 748 931 ἐκλελύσθαι
760 890 816 950 μοι
828 869 952 932 δοκεῖτε
962 865 1020 932 καλ

61 968 188 1029 παθεῖν
210 956 388 1043 ἀναμένειν
407 959 448 1025 τά
470 957 581 1040 δεινά,
618 963 749 1047 ἑτέρους
776 965 812 1029 δὲ
831 960 1020 1046 πάσχοντας

61 1057 210 1145 ὁρῶντες
223 1055 264 1125 ού
276 1056 520 1142 φυλάττεσθαι,
537 1055 617 1125 ούδδ
628 1065 814 1143 φροντίζειν
823 1069 881 1145 τῆς
892 1060 1019 1138 πόλεως

61 1158 167 1226 πύλαι
179 1152 268 1224 κατά
285 1151 429 1241 πολλούς
446 1157 501 1222 καὶ
518 1153 650 1234 δεινούς
665 1148 810 1238 τρόπους
821 1163 1020 1243 διαφθειρο-

10 1279 49 1335 25
61 1260 172 1345 μένης.
195 1252 258 1324 οὐκ
270 1264 382 1322 οίεσθε
395 1253 508 1322 δεινὰν
519 1253 666 1322 εἶναικαὶ
679 1253 863 1340 ύπερφυές;
875 1255 1019 1342 (καὶγὰρ

62 1365 98 1425 εί
105 1382 136 1422 τι
146 1360 279 1423 σιωπᾶν
289 1352 464 1439 ἐγνώκειν,
489 1355 600 1439 λέγειν
609 1353 792 1440 ἐξάγομαι.)
825 1364 894 1448 ίστε
906 1355 1020 1440 δήπου

60 1455 247 1522 Πυθοκλέα
263 1452 396 1519 τουτονὶ
411 1450 471 1519 τόν
482 1451 705 1536 Πυθοδώρου.
737 1451 845 1541 τούτφ
856 1450 947 1519 πάνυ
959 1478 1019 1537 φιό

62 1551 276 1636 λανθρύιιως
285 1550 470 1636 ἐκεχρήμην
479 1548 561 1636 ἐμοὶ,
584 1551 640 1618 καὶ
656 1548 754 1636 ἀηδὲς
763 1551 835 1635 ἐμοὶ
844 1553 899 1617 καὶ
909 1551 1019 1638 τούτῳ

62 1657 203 1738 γέγονεν
214 1656 260 1729 είς
269 1647 331 1735 την
341 1647 468 1735 ἡμέραν
479 1649 604 1734 ταύτην
615 1647 724 1716 οὐδέν.
758 1639 1019 1733 ούτοςέκτρέιιε-

64 1755 124 1817 ταί
130 1775 169 1835 με
181 1755 247 1816 νῦν
257 1745 430 1834 ἀπαντῶν,
452 1745 514 1832 ἀφ’
532 1740 576 1815 ού
591 1749 674 1834 πρὸς
686 1754 852 1816 Φίλιππον
871 1747 1018 1833 ἀφῖκται,

65 1846 134 1917 κάν
150 1845 350 1934 ἀναγκασθῇ
366 1872 432 1915 που
443 1861 633 1933 συντυχεῖν,
656 1845 870 1934 ἀπεπήδησεν
879 1844 1018 1932 εύθὲως,

66 1947 172 2034 μήτις
183 1943 287 2014 αὐτὸν
298 1951 352 2034 ῖδη
362 1954 528 2015 λαλοῦντα
538 1949 618 2032 ἐμοί.
650 1946 731 2032 μετὰ
743 1942 775 2013 δ’
785 1952 945 2032 Αίσχίνου
958 1969 1021 2014 πε·

10 2061 56 2119 226
67 2048 229 2133 ριίρχεται
241 2042 304 2130 τὴν
316 2036 444 2130 ἀμοράν
454 2045 567 2133 κύκλφ
584 2047 640 2112 καί
656 2045 859 2130 βουλεύεται.
892 2043 1020 2112 ούκοῦν

67 2142 198 2226 δεινὰν,
226 2135 396 2226 σόάνδρες
412 2141 599 2229 Ἀθηναῖοι,
622 2146 677 2210 καί
701 2145 849 2227 σχέτλιον
868 2156 937 2221 τοῖς
959 2146 1022 2227 μὲν

65 2242 108 2310 τά
126 2249 294 2311 Φιλίππου
309 2238 484 2329 πράγμαθ’
501 2239 680 2329 ᾑρημένοις
695 2241 897 2325 θεραπεύειν
914 2238 1023 2318 οὕτως

66 2340 190 2429 ἀκριβῆ
199 2341 260 2428 τὴν
271 2339 344 2427 παρ’
357 2345 487 2410 ἐκείνου
498 2342 581 2425 πρός
592 2338 728 2423 ἕκάτερα
740 2348 899 2424 αἴσθησιν
909 2336 1023 2423 ύπάρ·

66 2466 139 2527 χειν
159 2439 241 2508 ἀστε
253 2441 409 2524 ἕκαστον,
443 2441 628 2523 ὡσπερανεὶ
650 2436 892 2523 παρεστηκότος
904 2435 1020 2518 αὐτοῦ,

67 2538 148 2626 μηδ’
160 2531 209 2606 όν
220 2535 263 2606 ἀν
272 2541 391 2607 ἐνθαδὶ
404 2538 513 2627 πράξη
525 2537 628 2625 μηδὲν
636 2535 791 2624 ἡγεῖσθαι
801 2535 925 2621 λήσειν,
937 2529 1022 2602 ἀλλά

68 2644 189 2725 φίλους
205 2663 240 2704 τε
250 2644 394 2724 νομιζειν
411 2635 471 2718 ούς
487 2635 532 2707 ἀν
548 2641 662 2728 ἐκείνφ
680 2641 764 2726 δοκῇ
781 2635 891 2723 καὶμὴ
903 2642 1023 2721 φίλους

69 2735 229 2812 ὡσαύτως
235 2785 244 2818 ,
265 2752 334 2815 τοῖς
350 2738 385 2806 δὲ
401 2737 485 2822 πρὸς
501 2735 588 2823 ὑμᾶς
605 2741 682 2816 ζοῖσι
698 2738 822 2822 καὶτῆς
832 2731 1023 2820 παρ”ύμοόν

68 2838 379 2920 τιμῆςμλιχομένοις
389 2838 443 2901 καὶ
455 2834 499 2920 μὴ
512 2834 740 2917 προδεδωκόσι
756 2833 882 2920 ταύτην
897 2833 1024 2912 τοσαύ·

69 2962 132 3021 την
148 2932 395 3018 κουφότητακαὶ
412 2942 552 3000 τοσοῦτο
570 2932 688 3009 σκότος
705 2929 783 3016 παρ’
801 2928 898 3017 ὑμῶν
913 2930 1023 2999 ἀπαν-

70 3041 134 3103 τάν
152 3030 236 3100 ὥστε
251 3045 318 3108 τοῖς
335 3028 511 3116 ἀλιτηρίοις
520 3030 650 3107 τούτοις
660 3033 693 3108 ἐξ
705 3038 781 3098 ῖσου
791 3037 856 3098 νῦν
866 3031 922 3116 ἐμὲ
932 3029 1024 3115 ἀμω-

72 3136 237 3216 νίζεσθαι,
261 3131 316 3198 καὶ
337 3137 441 3198 ταῦτα
462 3126 541 3215 παρ’
563 3125 645 3214 ὑμῖν
665 3143 733 3208 τοῖς
747 3127 866 3196 ἅπαντ’
885 3128 1021 3198 είδόσιν.
1043 3158 1046 3163 ·

10 3243 62 3298 227
73 3227 237 3316 βούλεσθ’
257 3221 320 3296 οὖν
338 3232 461 3298 είδίναι
477 3232 533 3296 καὶ
550 3226 691 3296 ἀκοῦσαι
706 3227 745 3296 τὸ
762 3229 892 3296 τούτων
902 3237 1083 3306 αῖτιον;412

76 3327 139 3414 ἐμοὶ
157 3327 197 3415 δὴ
217 3326 354 3415 φράσω,
376 3325 456 3408 ἀξιῶ
475 3328 511 3396 δὲ
527 3325 643 3414 μηδέν’
654 3325 824 3414 ἄχθεσθαί
830 3353 885 3413 μοι
896 3330 1024 3412 λέγοντι
