2340 3894
139 168 205 284 ωο
354 218 427 284 αα
461 212 920 311 ιιιιιιοεοιιωονεΙ4

76 425 130 479 ,21
217 382 288 451 Ἔτι
298 384 413 447 τοίνυν
424 375 558 444 κάκεῖνο
569 389 736 460 σκοπεῖτε,
760 368 1103 459 ὦάνδρεςδικασταλ,

141 489 232 561 τινος
249 476 337 549 ἕνεκ’
355 476 419 563 ἐγω
430 474 1104 563 μηδὲνήδικηκότωντούτωνκατηγορείν

142 578 187 649 ἀν
204 578 416 664 προειλόμην.
449 574 492 643 ού
512 575 576 660 γάρ
599 571 764 660 εὑρήσετε.
796 572 863 661 ἡδύ
883 573 1033 653 πολλοῦς
1053 578 1105 660 έχ-

141 677 252 762 θροῦς
267 682 367 761 ἔχωνς
392 672 473 743 ούδέ
487 699 526 759 γε
537 672 691 759 ἀσφαλές.
725 670 799 741 ἀλλ’
811 670 942 760 ὑπῆρχέ
951 698 1009 759 μοι
1020 671 1106 757 πρὸς

142 785 265 845 τοῦτον
281 773 442 860 ἀπέχθειά
458 799 520 852 τις;
542 771 688 859 ούδεμία.
727 777 762 838 τί
775 764 858 851 ούν;
880 774 1014 859 ἐφοβοῦ
1030 772 1104 854 περὶ

142 881 299 960 σεαυτοῦ,
311 876 367 940 καὶ
379 873 433 940 διά
445 866 571 939 δειλίαν
581 871 706 957 ταύτην
715 868 830 956 ἡγήσω
840 877 1027 958 σωτηρίαν·
1049 872 1103 938 καί
1138 957 1140 960 y

142 975 208 1057 γάρ
218 969 311 1039 ταῦτ’
326 969 455 1055 ἀκήκοα
467 967 572 1036 αὐτόν
582 971 700 1055 λέγειν.
723 976 831 1038 καίτοι
841 971 988 1056 μηδενός
997 969 1032 1056 γ’
1045 969 1103 1039 ὅν-

141 1074 381 1154 τος,Αίσχίνη,
402 1071 515 1135 δεινοῦ
525 1069 607 1154 μηδὲ
618 1066 834 1154 ἀδικήματος,
854 1065 897 1146 ς
908 1067 953 1137 σύ
965 1071 1042 1159 φῄς.
1075 1074 1153 1145 cisso

142 1167 207 1254 νάρ
218 1160 264 1234 αὖ
274 1165 369 1233 ταῦτ’
381 1170 463 1250 ἐρεῖ,
476 1165 635 1252 σκοπεῖτ’,
648 1160 675 1235 ἀ
686 1168 805 1251 ἀνδρες
815 1170 986 1255 δικασταὶ,
1006 1176 1039 1237 εί
1047 1168 1099 1255 ἐφ’

143 1264 192 1345 οἷς
210 1264 227 1334 ὁ
245 1263 321 1352 μηδ’
344 1262 459 1333 ὁτιοῦν
476 1266 602 1334 ἀδικοῦν
613 1267 806 1354 ἐφοβούμην
818 1267 881 1352 ἐγώ
894 1264 940 1353 μὴ
953 1267 1011 1335 διά
1023 1268 1102 1336 τού-

141 1390 221 1446 τους
232 1365 421 1452 ἀπόλωμαι,
444 1374 479 1434 τί
490 1367 630 1445 τούτους
640 1367 800 1454 προσήκει
812 1377 937 1434 παθεῖν
946 1367 1029 1447 τοῦς
1041 1367 1100 1436 αύ-

80 1463 222 1543 νκντούς
239 1462 451 1551 ἦδικηκόταςς
472 1463 547 1532 ἀλλ’
565 1464 607 1532 ού
619 1463 796 1533 διάταῦτα.
828 1464 914 1532 ἀλλά
927 1463 984 1534 διὰ
995 1474 1031 1535 τί
1039 1487 1100 1534 σου

142 1572 329 1650 κατηνορω;
342 1572 543 1649 συκοφαντεῖ
553 1562 670 1650 νὴΔί,
682 1562 722 1632 ἵν’
735 1563 899 1650 ἀργύριον
908 1565 1003 1653 λόβω
1011 1566 1100 1648 παρὰ

143 1670 216 1730 σοῦ.
250 1665 306 1731 καὶ
323 1663 465 1748 πότερον
475 1678 624 1748 κρεῖττον
634 1657 678 1749 ἦν
690 1690 746 1750 μοι
756 1663 845 1748 παρὰ
859 1671 1030 1745 Φιλίππου
1042 1673 1100 1732 λα-

142 1769 216 1850 βεῖν
231 1771 293 1832 τοῦ
310 1764 461 1842 διδόντος
480 1762 639 1832 πολύκαὶ
657 1765 797 1850 μηδενός
808 1763 940 1831 τούτων
949 1768 1097 1847 ἔλαττον,

141 1864 197 1930 καὶ
219 1869 318 1948 φίλον
338 1861 495 1930 κάκεῖνον
512 1869 597 1947 ἐχειν
614 1864 669 1930 καὶ
686 1862 825 1941 τούτους
842 1855 946 1948 (ἦσαν
961 1864 1031 1949 χάρ
1047 1859 1098 1946 ἀν,

141 1954 229 2046 ἦσάν
246 1987 302 2047 μοι
318 1968 409 2046 φίλοι
424 1968 492 2027 τῶν
509 1959 622 2055 αὐτῶν
640 1963 912 2048 κεκοινωνηκότι·
937 1960 1020 2031 οῦδὲ
1037 1963 1098 2048 χάρ

139 2068 208 2127 νῦν
217 2066 343 2143 ἔχθραν
353 2056 517 2143 πατρικὴν
526 2062 636 2143 έχουσι
648 2060 731 2142 πρός
741 2085 796 2146 με,
810 2055 883 2126 ἀλλ’
896 2059 1031 2127 ὅτιτῶν
1041 2085 1098 2126 πε-

141 2163 341 2244 πραγμένων
352 2154 393 2225 ού
405 2160 616 2244 μετέσχηκα),
639 2156 661 2244 ἢ
672 2159 761 2242 παρά
770 2160 901 2227 τούτων
912 2157 982 2246 ἀφ’,
990 2152 1042 2227 οἷν
1053 2164 1098 2227 εί·

139 2257 265 2345 λήφασι
276 2272 448 2344 μεταιτεῖν,
456 2255 597 2348 κάκείνῳ
608 2284 644 2325 τε
656 2255 780 2344 ἐχθρόν
791 2257 875 2325 εἶναι
886 2259 1097 2338 καλτοῦτοιςς

140 2361 195 2426 καὶ
205 2357 284 2436 τούς
294 2357 355 2444 μὲν
367 2357 592 2443 αίχμαλύτους
601 2360 637 2424 ἐκ
648 2365 716 2425 τῶν
727 2360 822 2425 ι’δίων
831 2357 1007 2423 τοσούτων
1016 2382 1089 2442 χρη-

139 2456 254 2542 μάτων
265 2457 417 2544 λύεσθαι,
428 2455 528 2543 μικρά
540 2453 571 2522 δ’
585 2454 701 2536 ἀξιοῦν
712 2455 801 2540 παρά
813 2456 944 2523 τούτων
954 2461 1097 2542 αίσχρως
1127 2478 1137 2501 ·

76 2574 130 2629 223
139 2554 211 2639 μετ’
231 2561 353 2641 έχθρας
370 2556 567 2641 λαμβάνειν;
592 2552 654 2622 οῦκ
671 2559 739 2622 ἔστι
756 2562 875 2639 ταῦτα,
896 2552 972 2623 ἀλλ’
986 2553 1096 2641 ἀπήγ-

137 2660 230 2736 γειλα
251 2655 312 2738 μὲν
333 2652 463 2739 τάληθῆ
478 2655 533 2720 καὶ
550 2650 743 2739 ἀπεσχόμην
757 2661 820 2720 τοῦ
835 2660 950 2740 λαβεῖν
966 2662 1031 2723 τοῦ
1047 2659 1089 2722 δι-

137 2757 237 2815 καιόυ
247 2753 302 2816 καί
313 2758 372 2835 τῆς
383 2748 540 2835 ἀληθείας
551 2753 647 2818 ἕνεκα
658 2754 713 2819 καὶ
723 2758 786 2818 τοῦ
796 2758 916 2819 λοιποῦ
927 2757 1025 2838 βίου,
1038 2778 1085 2818 νο

137 2851 255 2932 μίζων,
280 2847 389 2932 ὥσπερ
407 2846 502 2914 ἄλλοι
520 2850 624 2936 τινὲς,
649 2850 729 2936 παρ’
749 2847 827 2936 ὑμῖν
845 2853 900 2919 καί
922 2849 1027 2930 αύτὸς
1049 2848 1096 2918 τόν

138 2943 281 3030 ἐπιεικὴς
302 2947 561 3035 τιμηθήσεσθαι,
584 2952 640 3016 καί
661 2949 725 3017 οὐκ
742 2949 988 3018 ἀνταλλακτέον
1012 2950 1102 3018 εἶναι*

138 3070 195 3130 μοι
205 3045 267 3130 τὴν
276 3043 360 3131 πρὸς
370 3044 457 3132 ύμῦς
470 3055 661 3134 φιλοτιμίαν
675 3046 813 3127 ούδενδς
828 3050 985 3132 κέρδους·
1010 3055 1095 3135 μισῶ

138 3143 175 3211 δὲ
185 3143 340 3227 τούτους,
363 3143 414 3213 ότι
424 3145 617 3234 μοχθηρούς
628 3149 683 3215 καὶ
694 3157 787 3226 θεοῖς
797 3146 943 3232 ἐχθρούς
956 3147 1048 3216 εἶδον
1060 3151 1095 3215 ἐν

136 3249 179 3328 τῇ
195 3249 370 3331 πρεσβείᾳ,
393 3247 450 3312 καὶ
467 3243 687 3332 ἀπεστέρημαι
703 3248 756 3314 καὶ
773 3253 842 3313 τῦν
853 3250 950 3314 ίδίων
963 3255 1076 3332 φιλοτι

136 3347 223 3422 μιῶν
240 3338 294 3419 βιά
305 3339 367 3425 τὴν
378 3342 507 3409 τούτων
519 3349 725 3428 δωροδοκίαν
737 3341 821 3430 πρός
831 3343 913 3431 ὅλην
925 3349 1095 3431 δυσχερῶς
1124 3367 1129 3372 “

136 3433 233 3520 ὑμῶν
252 3437 314 3525 την
335 3446 514 3525 πρεσβείαν
533 3443 734 3531 ἐσχηκότων·
760 3449 935 3530 κατηγοροῖ
958 3442 995 3512 δέ
1016 3445 1095 3511 νυνὶ
