2340 3894
263 174 569 239 ποετ-ΤΗΣ
589 178 842 243 mmm
1013 177 1055 255 ιο

95 358 140 403 σα
149 342 265 401 Πυλῶν
274 363 325 401 και
316 338 471 402 ἐπελθεῖν
481 341 648 421 δυναμένου
659 367 695 428 τη
681 335 829 430 Ἀττική,
840 339 937 465 ήπερί
947 349 1056 429 μικροῦ

94 427 271 525 τηλικοῦτον
282 419 448 487 κίνδυνον’
435 420 576 506 α’ρασθαι.

185 493 281 580 Οὗτος
293 499 352 569 δὲ’
339 531 354 569 ο
367 502 452 588 λόγος
462 504 704 612 πριρεσκευόσθαι
715 503 838 591 μὲν,’
804 536 840 575 ον
850 504 911 593 μήν
921 512 1058 615 εἰρῆσθαί

95 613 147 671 μοι
157 592 248 652 δοκεῖ.
276 598 450 693 κατηγορῶν
460 617 518 695 γαρ
529 616 545 655 ο
533 586 656 696 ’ῥήτωρ
667 594 759 695 Αίσχί
757 619 812 657 νον
823 597 874 658 καί
889 601 976 658 τοῦτο
985 589 1058 702 μετὰ

96 678 156 736 τῶν
173 669 273 736 ίίλλοιν
284 667 376 738 αύτου
362 671 589 757 διαβάλλει,
572 700 617 739 οτι
627 674 819 782 συνεβούλευε
832 682 875 742 Φί
872 685 981 742 λαντον
988 675 1057 759 Ἀμ-

96 754 247 859 φικτύρνα
259 753 336 820 εἶναι
346 763 550 839 ψηφίσασθαι,
555 754 748 864 μηδενὸς
697 759 788 826 ἄλλον
798 769 894 827 τολ
871 787 961 838 αντος
972 770 1057 827 τοῦτο

96 837 324 944 εἰσηγήσασθαι,
312 843 415 947 μηδὲ
429 849 632 943 Φιλοκρατους
642 869 694 907 του
706 842 827 911 πάντων
838 844 1056 910 αναιδεστύτου

96 918 154 988 ούκ
165 919 205 988 ύν
217 914 273 989 ούν
284 921 371 1002 αίτος
382 923 571 1028 περὶτούτων
582 924 880 1034 συρβεβρυλευκῶς
851 956 903 995 τον
913 933 1059 1027 Αἰσχίνην

97 1002 191 1072 ἐπΗ
152 1017 256 1084 αυτοῖς
268 1013 427 1092 διέβαλλεν,
440 1003 516 1073 ἆλλόι
504 1006 706 1116 δηλονήτι
667 1037 730 1114 την
740 1009 885 1079 ὑπόνοιαν
896 1017 1001 1094 ἔδεισε,
1017 1006 1058 1094 μή

98 1089 183 1196 ὃόξη
189 1097 374 1174 φιλιππίζειν
389 1095 466 1157 καλ
458 1091 603 1198 χρήμασιν
619 1089 678 1158 υπὸ
696 1104 748 1160 τοῦ
767 1102 870 1180 βασιλέ
870 1125 908 1175 ως
924 1099 1056 1172 πεισθείς

97 1173 240 1280 τοιαύτην
254 1175 387 1282 γνώμην
394 1171 626 1287 ἀποφήνασθαι,
645 1180 706 1243 ἐπεὶ
724 1184 775 1244 καὶ
787 1184 819 1245 ἐν
829 1191 871 1270 τῷ
888 1179 965 1284 λόγῳ
982 1175 1055 1282 πρὸς
1100 1226 1102 1231 ,

96 1258 240 1367 τοιαύτην
250 1257 317 1325 τινὰ
327 1258 474 1326 υπόνοιαν
484 1257 636 1363 ἱστάμενος
647 1266 790 1345 φαίνεται,
802 1247 939 1342 συύιστας
947 1247 1056 1330 ἑαυτὸν

98 1339 138 1420 ὥς
148 1342 260 1408 εύνουν
269 1370 306 1432 τη
292 1343 403 1410 πόλει
415 1347 466 1408 καί
478 1339 712 1426 ἀδωροδόκητον.

177 1533 313 1623 Ὁρολ
278 1563 356 1622 μεν,
376 1563 402 1604 οο
390 1515 540 1618 ἄνδρες
548 1531 733 1619 Ἀθηναῖοι,
755 1558 795 1600 τοι
785 1531 957 1653 παρόντα
968 1531 1056 1616 προί-
1066 1541 1098 1595 57

95 1660 206 1728 γματα
216 1635 345 1721 πολλὴν
352 1639 538 1703 δυσκολίαν
549 1636 665 1716 ἔχοντα
675 1632 731 1699 καὶ
742 1627 889 1752 ταραχήν
897 1627 938 1697 ού
949 1630 1056 1718 μόνον
1068 1677 1078 1713 ,

95 1741 144 1821 τῷ
161 1733 271 1855 πολλρί
288 1741 466 1817 προεῖσθαι
486 1757 541 1799 και
530 1729 661 1816 μηδὲν
678 1728 763 1797 εἶναι
786 1727 961 1814 προύργου
983 1731 1058 1815 περὶ

95 1829 212 1900 αύτιθν
222 1857 262 1899 ευ
249 1824 394 1916 λέγειν,
407 1827 490 1897 ἀλλὰ
503 1830 558 1897 καί
571 1854 617 1915 τῳ
604 1817 704 1953 περὶ
715 1854 784 1896 των
792 1824 987 1896 ὑπολοίπων
994 1852 1058 1894 κα-

95 1929 138 1997 τὰ
156 1927 264 1997 ταύτα
252 1928 364 2017 μηδὲ
381 1925 457 1996 καθ’
470 1925 554 1995 ἓν
519 1953 557 1996 το
571 1924 1057 2052 συμφέρονπύνταςήγεῖσθαι,

73 2026 184 2104 κᾶλλοι
197 2041 267 2106 τοῖς
277 2027 339 2113 μὲν
352 2024 423 2111 ὡδὶ,
439 2023 582 2105 τοῖςθ”
566 2032 684 2114 ετέρως
695 2031 822 2096 δοκεῖν·
844 2023 1057 2111 θυσκόλουθ’

99 2124 199 2205 ὄντος
215 2124 318 2211 φύσει
329 2127 385 2192 καί
396 2132 543 2210 χαλεποῦ
554 2132 617 2193 τοῦ
627 2126 869 2212 βουλεύεσθαι,
887 2131 935 2194 ἔτι
946 2131 1060 2213 πολλῷ

98 2221 369 2313 χαλεπώτερον“
349 2239 444 2340 ημεῖς
459 2221 542 2291 αύτὸ
560 2222 770 2310 πεποιήκατε,
789 2250 815 2290 οο
804 2216 951 2308 ἄνδρες
958 2221 1060 2306 Ἀθη-

98 2338 203 2393 ναῖοι
216 2349 235 2390 ο
237 2320 369 2409 ίμλν
330 2319 1060 2441 γαρἅλλοιποίντεςίίνθρωποιπρὸτῶνπρα-

58 2468 61 2475 -
98 2447 238 2509 γματοον
248 2421 388 2491 ελαθασι
398 2428 543 2508 χρησθαι
554 2417 870 2510 ταβονλευεσθαι,
851 2433 945 2504 υμεις
953 2417 989 2486 δὲ
1001 2443 1061 2503 με

97 2548 139 2642 τρ
150 2547 191 2589 τα
204 2521 390 2641 πράγματα
419 2525 456 2590 ἐκ
468 2522 504 2590 δὲ
521 2521 644 2589 τούτου
655 2525 833 2648 συμβαίνει
849 2513 939 2602 παρὰ
951 2513 1060 2583 πάντα

97 2645 160 2688 τον
170 2620 297 2706 χρόνον
307 2617 347 2687 ὃν
359 2619 425 2688 0ίὸ’
437 2618 558 2705 ἐγω,
525 2647 584 2687 τον
595 2614 699 2706 μὲν
667 2645 716 2698 οις
728 2614 773 2686 div
783 2615 947 2704 ἁμάρτητε
958 2619 1062 2684 ἐπιτι-

44 2725 216 2804 μιὸντα
226 2715 414 2809 εὐδοκιμεῖν
423 2721 478 2786 καί
486 2723 597 2786 θοκεῖν
608 2744 646 2785 ευ
633 2711 778 2804 λέγειν,
786 2743 826 2784 τα
815 2714 874 2784 δὲ
874 2713 1061 2837 πρρίγμοιτα

71 2819 156 2889 anal
167 2816 244 2901 περὶ
255 2842 304 2882 οου
315 2817 523 2901 βουλεύεσθε
534 2813 742 2902 ίκφεύγειν’
723 2823 819 2902 υμᾶς
844 2811 885 2882 ού
896 2811 964 2901 μὴν
975 2811 1059 2881 ἀλλὰ

98 2921 221 2996 καίπερ
242 2916 371 2983 τούτων
391 2914 497 3036 ούτρτς
518 2916 663 3001 ἐχόντων
696 2912 787 2999 οἶμαι
821 2914 877 2980 καί
897 2911 1060 2988 πεπεικολς

99 3010 276 3100 ἐμαυτόν’
257 3017 435 3100 ανέστηκα,
448 3010 491 3082 όίν
502 3015 682 3102 ἐθελήσητε
692 3039 753 3080 του
741 3019 927 3100 θορυβεῖν
938 3012 994 3079 καὶ
1003 3036 1061 3094 φι-

99 3120 265 3180 λονεικεῖν
280 3109 483 3192 ἀποστάντες
499 3111 652 3199 οίκούειν,
672 3110 716 3191 ὡς
731 3107 815 3198 ὑπὲρ
832 3110 960 3188 πόλεως
977 3115 1060 3196 βου-

98 3214 293 3298 λευομένοις
303 3215 358 3279 καί
368 3212 573 3298 τηλικούτων
579 3212 783 3299 πραγμάτων
793 3208 963 3296 προσήκει,
976 3206 1060 3284 ἕξειν

99 3312 155 3377 καί
164 3313 275 3394 λε’γειν
286 3313 341 3379 καὶ
352 3313 597 3397 συμβουλεύειν
605 3302 696 3380 θιόἷν
706 3308 813 3379 καὶτὰ
826 3301 961 3388 παρόντ’
969 3308 1060 3371 ἔσται

101 3413 220 3494 βελτίω
227 3406 335 3476 καὶτὰ
346 3411 526 3495 προειμένα
537 3411 733 3497 σωθήσεται.

116 3502 255 3556 Βειοοεῖλι.
279 3503 339 3557 Vol.
350 3505 373 3556 I.
743 3531 745 3535 ·
894 3499 912 3552 4
