2340 3894
135 212 199 275 ευι
350 214 422 272 τοι
463 189 885 274 εειιεοεοεαονε
997 238 1000 243 ·

135 376 403 460 ἐλαφηβολιιινος
412 368 510 458 ἐνάτη
522 372 574 438 ἐπί
584 372 665 439 δέκα
675 370 821 456 ἐγένετο,
836 365 1092 461 ἀπεδημήσαμεν

135 470 168 540 δ’
179 470 274 558 ἡμεῖς
284 474 336 540 ἐπὶ
346 470 426 548 τούς
436 467 561 550 ὅρκους
576 483 664 554 τρείς
680 478 787 555 μῆνας
803 468 917 550 ὅλους·
939 474 998 541 καὶ
1013 480 1094 541 τοῦ.

91 585 195 641 58τον
211 569 342 638 ἅπαντα
358 569 421 636 τὸν
430 566 554 652 χρόνον
562 561 651 654 ἦσαν
662 571 697 634 οἱ
705 574 833 647 Φωκείς
855 572 915 656 σῷ.
966 568 1095 657 ἥκομεν

66 708 70 717 ·
136 668 172 737 δὲ
183 675 284 752 δεῦρο
296 664 360 735 άπδ
372 673 431 752 τῆς
441 671 617 752 πρεσβείας
626 671 683 750 τῆς
693 666 746 733 ἐπὶ
763 664 844 744 τοὺς
859 664 985 752 ὅρκους
1000 676 1094 756 τρίτη

135 769 186 835 ἐπὶ
197 771 276 834 δέκα
286 772 348 832 τοῦ
368 770 632 848 σκιροφοριῶνος
648 762 767 849 μηνὸς,
788 765 845 833 καί
861 772 975 852 παρῆν
991 763 1011 834 δ
1032 773 1094 834 Φί-

134 873 253 942 λιππος
270 866 307 931 ἐν
318 861 445 938 Πύλαις
460 860 525 946 ἤδη
540 862 597 929 καί
611 875 681 940 τοῖς
688 869 865 931 Φωκεῦσιν
876 866 1094 985 ἐπηγγέλλετο

52 958 58 979 ’
135 989 184 1030 αν
204 961 304 1029 οὐδὲν
318 964 493 1028 ἐπίστευον
510 962 641 1028 ἐκείνοι.
669 975 806 1046 σημείου
823 965 876 1030 δέ·
907 960 952 1029 οὐ
968 961 1035 1048 γάρ
1050 958 1094 1029 άν

133 1051 261 1142 δεῦρ’
239 1083 324 1145 ηκον
336 1054 485 1142 δςάμάς.
517 1054 588 1142 ἡδ’
607 1059 772 1144 ἐκκλησία
769 1056 860 1145 μετὰ
876 1066 1001 1148 ταῦτα,
1024 1049 1094 1148 ἐνῇ

131 1155 284 1224 πάντατά
293 1156 447 1241 πράγματ
446 1147 742 1225 ’άπάλεσανοντοι
751 1156 1023 1243 νευσάμενοικαλ
1033 1183 1094 1244 φε-

132 1252 1092 1378 νακίσαντεςνμάς,τῇὲκτηέπλδέκαέγίγνετοτοῦσκιροφο·

88 1371 124 1427 59
133 1353 299 1438 ριοῖνος.’
279 1379 344 1424 ατο
335 1355 472 1423 τοίνυν
479 1378 600 1438 ταντης
609 1367 774 1438 πεμπταῖα
784 1352 1003 1440 λογίζομαι
963 1378 1005 1421 τι
1018 1352 1091 1441 παρ’

35 1506 41 1517 .
132 1449 230 1539 ὑμεῖν
239 1457 277 1521 ἐν
293 1468 362 1533 τοις
369 1459 523 1520 Φωκεῦσι
534 1453 709 1537 γενέσθαι·
727 1460 883 1538 παρῆσαν
894 1452 962 1540 γάρ
974 1458 1011 1522 οί
1022 1461 1092 1522 τοῖν

131 1557 277 1620 Φωκέων
294 1557 446 1638 πρέσβεις
457 1550 596 1635 ἐνθάδε,
618 1552 674 1617 καὶ
689 1542 924 1636 ἦναάτοίςιιαί
937 1556 975 1619 τί
983 1548 1092 1638 άπαγ·

130 1658 288 1734 γελοῦσιν
295 1641 387 1719 οὗτοι
398 1651 453 1717 καὶ
463 1654 498 1716 τί
504 1645 674 1735 ψηφιεῖσθ’
687 1645 780 1734 ὑμεῖς
790 1646 938 1733 ἐπιμελές
956 1651 1089 1718 εἰδέναι.

130 1747 259 1818 οὐκοῦν
265 1750 365 1833 είκάς,
377 1740 400 1837 ᾖ
406 1755 544 1833 τίθεμεν
549 1749 723 1815 πυθέσθαι
730 1743 810 1825 τούς
817 1749 956 1824 Φακέας
964 1745 1006 1814 τά
1015 1745 1087 1830 παρ’

127 1844 238 1933 ὑμῶν·
261 1845 326 1916 άπδ
344 1845 410 1933 γάρ
420 1854 477 1932 τῆς
487 1847 583 1931 ἕκτης
594 1852 640 1923 είς
651 1845 778 1932 ταύτην
786 1849 918 1932 πέμπτη
928 1853 1087 1932 γίγνεται.

126 1942 249 2026 ὑστέρα
259 1949 376 2011 τοίνυν
387 1943 524 2029 δεκάτη,
538 1943 647 2029 ἐνάτη,
659 1943 779 2031 ὀγδόη·
801 1943 905 2032 ταάτη
916 1944 1086 2031 ἐγίγνονθ’

128 2045 165 2108 αἱ
179 2041 338 2123 σπονδαί,
361 2043 417 2108 καὶ
433 2040 542 2108 πάντα
559 2039 655 2109 τάκεί
667 2040 832 2130 πράγματ’
840 2038 1017 2113 άπωλάλει
1033 2047 1091 2115 καί·

82 2141 219 2217 οοτέλος
237 2136 331 2224 εῖχεν.
364 2144 410 2228 τῷ
427 2145 528 2207 τοῦτο
545 2145 665 2226 δῆλονς
686 2150 727 2229 τῇ
748 2142 881 2226 τετράδι
901 2150 1088 2230 φθίνοντος

126 2235 358 2329 ἠκκλησιάζετε
374 2236 438 2325 μὲν
454 2236 533 2307 τόδ’
551 2237 646 2326 ὑμεῖς
663 2242 702 2308 ἐν
710 2247 864 2327 Πειραιεῖ
876 2247 953 2328 περὶ
970 2244 1087 2312 τάνέν

125 2349 195 2416 τοῖς
204 2343 363 2420 νεωρίοις
374 2329 435 2424 ἧκε
446 2337 483 2407 δὲ
492 2338 664 2424 Δερκύλος
675 2341 712 2407 ἐκ
724 2344 898 2424 Χαλκίδος,
910 2339 1137 2428 καίάπήγ-λλυ

124 2441 241 2519 γελλεν
252 2431 364 2521 ὑμίν”
343 2461 394 2502 οτι
406 2435 514 2504 πάντα
524 2436 565 2505 τά
575 2437 729 2524 πράγματ
728 2436 946 2525 ’ἐγκεχείρικε
958 2446 1085 2527 Θηβαί-

125 2558 173 2609 οις
185 2557 204 2599 ο
193 2529 395 2613 ’Φίλιππος,
413 2536 469 2602 καί
480 2536 632 2630 πέμπτην
642 2533 727 2604 εἶναι
735 2535 861 2623 ταύτην
870 2533 1001 2623 ἡμέραν
1011 2542 1084 2606 ἐλο-

123 2625 253 2713 γίζεθ’
234 2627 296 2714 αφ’
308 2655 350 2696 ου
359 2631 570 2716 γεγονασινα
572 2637 744 2703 [σπονδαί.
773 2634 876 2722 ογδοη
885 2643 1017 2725 τοίνυν,
1028 2638 1084 2725 εβ·

123 2725 224 2810 δόμη,
243 2726 337 2812 ἕκτη,
353 2731 498 2816 πέμπτη,
509 2733 641 2817 τετράς·
662 2731 743 2802 αὐτο
732 2732 975 2823 συμβαίνειεί
974 2735 1083 2816 ςταά-

120 2847 183 2908 την
193 2821 277 2895 εἶναι
288 2825 509 2911 πέμπτην.
469 2854 597 2897 ονκονν
607 2845 675 2910 τοις
684 2857 870 2920 χρονοις,
851 2829 901 2913 ἐς
913 2833 1082 2921 απηγγελ·

123 2928 198 3005 λον,
223 2914 272 2998 οἷς
287 2924 451 3010 ἔγραφον,
474 2933 576 2994 πᾶσιν
592 2931 813 3016 ἐξελέγχονται
829 2940 1079 3019 συνηγωνισμέ-

122 3044 175 3086 νοι
186 3025 339 3109 Φιλίππῳ
350 3025 405 3092 καὶ
417 3032 579 3095 συναίτιοι
590 3030 765 3114 γεγονότες
774 3037 837 3099 τοῦ
853 3038 922 3098 τῶν
933 3035 1082 3100 Φωκέων

74 3133 109 3189 61
121 3114 276 3204 ὀλέθρου.
309 3124 357 3189 ἔτι
373 3129 490 3192 τοίνυν
506 3124 543 3193 τὸ
562 3131 726 3214 μηδεμίαν
741 3137 811 3197 τῶν
820 3128 1033 3198 πόλεωντῶν
1044 3134 1081 3199 ἐν

121 3223 299 3285 Φωκεῦσιν
308 3215 434 3289 άλοδναι
445 3226 715 3314 πολιορκίηνμηδ
734 3229 771 3295 ἐκ
788 3234 979 3314 προσβολῆς
995 3255 1078 3296 κατα

120 3316 256 3403 κράτος,
280 3314 356 3386 ἀλλ’
372 3321 409 3387 ἐκ
426 3328 490 3389 τοῦ
505 3331 706 3392 σπείσασθαι
723 3327 849 3406 πάντας
864 3326 975 3414 άρδην
991 3325 1079 3395 άπο·

117 3415 255 3502 λέσθαι,
277 3418 433 3504 μέγιστόν
454 3423 523 3490 ἐστι
544 3438 681 3511 σημείου
696 3431 758 3493 τοῦ
774 3424 829 3494 διά
846 3428 988 3507 τούτους
1004 3454 1078 3497 πει-
