2340 3894
112 174 116 182 ’
168 216 212 279 κο
368 221 414 282 111.
456 217 915 283 ΔΗΜοΣοεΝοοΣ

167 378 242 446 τότε
252 384 369 446 τοίνυν
378 379 446 463 μην
457 379 519 463 μὲν
529 371 573 462 ἦν
588 378 855 466 μαιμακτηριών,
874 390 1009 450 πολλών
1019 384 1057 450 δὲ
1067 383 1126 451 λό-

166 500 238 561 γων
257 478 313 544 καὶ
329 475 486 562 θορύβου
505 478 706 559 γιγνομένου
723 476 797 563 παρ’
811 476 891 564 ύμῖν
911 485 1125 566 ἐψηφίσασθε

165 574 409 660 τετταράκοντα
419 575 565 659 τριήρεις
573 577 754 642 καθέλκειν
764 577 821 644 καὶ
831 575 911 656 τούς
921 581 1016 662 μέχρι
1025 582 1123 647 πέντε

165 676 220 741 καί
231 671 472 759 τετταράκοντα
482 675 567 739 ἐτῶν
577 670 702 750 αύτούς
719 675 888 759 ἐμβαίνειν
905 677 961 741 καὶ
976 676 1123 743 τάλαντα

138 772 324 859 δέξήκοντα
340 773 517 855 εἰσφέρειν.
551 772 607 837 καὶ
623 769 704 855 μετὰ
721 781 826 839 ταῦτα
845 773 1042 852 διελθόντος
1061 781 1123 841 τοῦ

167 874 323 940 ἐνιαυτοῦ
333 869 456 938 τούτου
467 867 706 955 ἑκατομβαιών,
718 868 963 955 μεταγειτνιών,
976 877 1123 958 βοηδρο·

164 971 267 1057 μιών·
282 967 405 1037 τούτου
414 975 476 1036 τοῦ
487 968 592 1052 μηνὸς
601 966 697 1052 μόλις
715 966 796 1053 μετά
814 965 855 1035 τά
866 968 1030 1054 μυστήρια
1042 972 1122 1036 δέκα

162 1077 247 1146 ναῦς
263 1065 473 1134 ἀπεστείλατε
491 1071 607 1150 ἔχοντα
624 1064 724 1144 κενάς
739 1071 935 1152 Χαρίδημον
951 1069 1006 1134 καί
1023 1069 1120 1135 πέντε
1131 1084 1161 1136 30

116 1247 119 1252 ⁶
161 1166 309 1233 τάλαντα
325 1162 499 1250 ἀργυρίου.
533 1163 576 1242 ώς
592 1162 659 1248 γάρ
673 1161 823 1250 ήγγέλθη
835 1170 996 1243 Φίλιππος
1013 1161 1119 1232 άσθε-

160 1271 234 1332 νύν
243 1261 266 1351 ή
276 1262 430 1349 τεθνεώς,
441 1255 527 1350 ήλθε
539 1260 604 1347 γάρ
615 1260 917 1348 άμφότερα,ούκέτι
927 1261 1046 1347 καιρὸν
1056 1261 1120 1347 ρύ-

158 1365 313 1431 δένατού
332 1371 472 1449 βοηθεῖν
493 1367 686 1446 νομίσαντες
696 1359 821 1446 η’φίετε,
840 1355 868 1428 ώ
887 1360 1008 1445 ἄνδρες
1020 1359 1119 1447 Ἀθη-

161 1476 268 1547 ναίοι,
297 1459 359 1529 τών
379 1459 576 1528 άπόστολον.
633 1453 676 1545 ἦν
697 1457 730 1526 δ’
754 1451 852 1538 ούτος
872 1456 890 1527 ὁ
912 1455 1029 1542 καιρὸς
1055 1459 1119 1526 αύ-

159 1559 234 1639 τός’
257 1565 289 1627 εί
302 1559 367 1644 γάρ
384 1559 459 1626 τότε
477 1561 582 1625 ἐκεῖσε
599 1559 848 1644 ἐβοηθήσαμεν,
873 1556 984 1641 ὥσπερ
996 1559 1119 1643 ἐφηφι-

159 1658 304 1744 σάμεθα,
317 1657 511 1743 προθύμως,
523 1653 587 1722 οὐκ
598 1651 642 1721 άν
651 1653 791 1742 ἠνώχλει
800 1663 866 1723 νύν
876 1653 956 1741 ήμίν
966 1652 986 1722 ὁ
997 1662 1120 1723 Φίλιπ-

161 1779 223 1835 πος
235 1763 341 1824 σωθεί
357 1810 363 1823 .

132 1872 152 1925 6
248 1852 295 1921 Τά
305 1855 366 1941 μὲν
376 1853 417 1940 δή
427 1853 501 1921 τότε
512 1855 703 1937 πραχθέντα
711 1850 772 1919 ούκ
784 1847 829 1918 άν
837 1849 946 1929 άλλως
957 1855 1040 1936 ἔχοι·
1052 1859 1118 1919 νῦν

160 1948 192 2017 0²
207 1954 321 2034 ἑτέρου
332 1954 480 2037 πολέμου
491 1949 688 2036 καιρὸςήιιει
699 1976 763 2034 τις,
781 1948 821 2017 δι’
833 1947 940 2018 ὃνααὶ
951 1951 1117 2035 περὶτούή

158 2074 227 2116 των
240 2048 423 2136 ἐμνήσθην,
434 2054 491 2117 ἵνα
502 2048 545 2135 μή
561 2047 666 2116 ταύτά
679 2050 816 2135 πάθητε.
844 2059 878 2117 τί
893 2048 934 2135 δή
951 2049 1117 2136 χρησόμε-

158 2155 216 2230 θα,
229 2139 257 2214 ώ
268 2145 387 2232 άνδρες
402 2147 584 2234 Ἀθηναῖοι,
601 2147 726 2236 τούτφ;
745 2153 775 2214 εί
789 2145 855 2232 γάρ
871 2146 916 2232 μή
927 2147 1115 2234 βοηθήσετε

158 2246 256 2312 παντί
276 2249 391 2314 σθένει
412 2245 495 2314 κατά
515 2245 553 2313 τό
572 2244 728 2330 δυνατὸν,
747 2246 921 2314 θεάσασθε
938 2243 979 2312 όν
988 2245 1115 2330 τρόπον

131 2339 253 2430 ’ίύμείς
269 2345 547 2431 ἐστρατηγηκότες
566 2345 676 2413 πάντα
696 2350 814 2413 ἔσεσθε
827 2341 912 2426 ὑπὲρ
930 2350 1110 2412 Φιλίππου.

157 2439 310 2528 ὑπῆρχον
329 2441 498 2511 Ὀλύνθιοι
512 2444 656 2528 δύναμίν
671 2470 746 2511 τινα
762 2444 965 2528 κεκτημένοι,
977 2445 1034 2510 καί
1043 2447 1114 2512 διέ-

156 2537 241 2606 κειθ’
256 2537 345 2606 οὕτω
355 2538 396 2606 τά
407 2542 599 2625 πράγματα·
618 2541 695 2609 ούτε
705 2548 871 2619 Φίλιππος
880 2539 1021 2624 ἐθάρρει
1031 2541 1113 2609 τού·

155 2659 235 2712 τους
246 2633 321 2703 οὔθ’
335 2628 429 2703 ούτοι
439 2642 615 2704 Φίλιππον.
652 2640 839 2723 ἐπράξαμεν
853 2635 947 2724 ἡμεῖς
963 2636 1112 2707 κάκείνοι

156 2727 336 2816 πρὸςήμάς
347 2731 497 2816 εἰρήνην·
520 2726 565 2818 ἦν
581 2743 680 2802 τούτο
696 2735 806 2820 ὥσπερ
823 2735 1010 2821 ἐμπόδισμά
1021 2764 1053 2805 τι
1062 2741 1110 2827 τῷ

156 2832 309 2915 Φιλίππῳ
326 2831 382 2896 καί
401 2830 566 2916 δυσχερὲς,
587 2831 687 2899 πόλιν
702 2834 851 2918 μεγάλην
867 2836 1027 2918 ἐφορμεῖν
1042 2851 1112 2914 τοῖς

154 2924 279 2991 ἑαυτοῦ
289 2939 416 3010 καιροῖς
427 2932 668 3016 διηλλαγμένην
678 2931 763 3015 πρὸς
772 2930 866 3017 ἡμᾶς.
891 2935 1112 3020 ἐκπολεμῆσαι

155 3024 227 3088 δεῖν
238 3020 374 3112 ᾠόμεθα
385 3025 464 3104 τούς
480 3027 683 3113 ἀνθρώπους
695 3035 730 3097 ἐκ
747 3029 871 3109 παντὸς
886 3030 1031 3114 τρόπου·
1054 3035 1112 3102 καί

156 3115 306 3199 δπάντες
318 3123 488 3208 ἐθρύλουν
498 3128 595 3212 τέως,
608 3137 707 3196 τοῦτο
713 3132 898 3213 πέπρακται
909 3132 984 3197 νυνὶ
997 3128 1111 3197 ὁπωσ-

128 3216 287 3303 θδήποτε.
311 3225 344 3286 τί
352 3212 417 3287 ούν
426 3217 669 3308 ύπόλοδιον,ώ
685 3226 805 3309 ἄνδρες
819 3226 1008 3313 Ἀθηναλοι,
1020 3228 1111 3314 πλήν

155 3321 295 3400 βοηθείν
306 3317 498 3402 ἐρρωμένως
508 3324 564 3389 καί
575 3324 778 3409 προθύμως;
799 3324 863 3410 ἐγώ
875 3325 937 3410 μὲν
947 3322 1011 3411 ούχ
1021 3324 1108 3412 όραῖ·

101 3514 120 3561 χ
153 3414 253 3495 χωρὶς
261 3410 327 3498 γώρ
335 3421 395 3500 τῆς
404 3418 604 3505 περιστάσης
615 3416 659 3487 άν
673 3419 760 3507 ἡμᾶς
781 3422 950 3509 αἰσχύνης,
968 3431 999 3492 εί
1016 3435 1110 3493 καθ-
