2340 3894
177 211 305 275 1112121
326 211 436 275 ΤΩΝ
455 213 530 274 ΕΝ
544 214 903 280 ΧΕΡΡΟΝΗΣΩΙ.
980 218 1022 281 83

61 373 129 458 γάρ
147 399 215 441 τινι
231 375 361 442 τούτων
378 372 519 459 τοῖντην
526 370 638 443 Ἀσίαν
648 375 1022 466 οίκούντωνἙλληνωνς

62 469 224 558 ἀμείνους
234 469 358 559 μέντᾶν
376 472 443 540 είεν
458 479 527 540 τῶν
545 471 658 540 ἄλλων
673 469 696 559 ἢ
713 482 771 559 της
789 480 946 559 πατρίδος
961 477 1023 564 κή-

23 575 194 646 οεδεσθαι.
227 574 283 640 καί
293 573 331 642 τό
342 571 376 657 γ’
388 577 433 650 είς
443 571 504 639 τὰν
512 569 753 658 Ἑλλήσποντον
764 576 942 660 ἐκπέμπειν
953 577 1023 642 ἓτε-

63 695 127 753 ρον
137 667 325 756 στρατηγὸν
335 668 427 738 τοῦτ’
440 673 538 738 ἐστίν.
569 676 599 738 εί
608 671 672 756 γὰρ
684 671 776 740 δεινά
788 681 1023 743 ποιείΔιοπεί-

62 777 129 854 θης
144 770 205 836 καλ
221 768 356 853 κατάγει
372 767 412 836 τά
435 778 549 852 πλοία,
572 769 710 856 μικρὸν,
734 766 762 840 ὦ
783 773 902 859 ἄνδρες
922 773 1023 858 Ἀθη-

62 881 168 951 ναῖοι,
191 864 313 953 μικρὸν
324 867 480 935 πινάκιον
490 876 593 936 ταῦτα
605 870 713 938 πάντα
723 879 873 942 κωλῦσαι
890 872 1021 940 δύναιτ’

63 961 124 1050 ἂν,
146 968 204 1032 καὶ
220 968 376 1050 λέγουσιν
392 967 531 1052 οίνόμοι
540 975 645 1035 ταῦτα
656 970 736 1050 τοὺς
746 969 944 1052 ἀδικοῦντας
955 977 1022 1039 είσ-
1032 989 1067 1047 97
1102 1036 1114 1043 ,

63 1068 254 1150 αγγέλλειν,
279 1062 320 1132 οὐ
337 1063 383 1151 μοὶ
394 1074 461 1133 Δία
481 1066 644 1146 δαπάναις
661 1064 718 1136 καί
734 1072 882 1157 τριήρεσι
898 1071 1022 1139 τοσαύ-

62 1184 133 1243 ταις
143 1161 232 1249 ἡμᾶς
243 1160 365 1242 αὐτούς
376 1165 571 1251 φυλάττειν,
585 1169 653 1234 ἐπεὶ
663 1169 763 1236 τοῦτό
774 1167 807 1253 γ’
820 1171 908 1237 έστλν
918 1165 1022 1251 ὑπερ-

30 1259 147 1348 λθβολή
158 1268 295 1347 μανίας·
317 1259 390 1329 ιἰλλ’
404 1266 456 1330 ἐπὶ
467 1262 617 1348 μὲντοὺς
628 1264 786 1352 ἐχθροὺς,
810 1264 1022 1346 οὕςούιιέστι

63 1367 180 1446 λαβεῖν
197 1357 263 1426 ὑπὸ
281 1374 349 1438 τοῖς
365 1361 495 1446 νόμοις,
519 1364 574 1430 καὶ
596 1363 795 1449 στρατιώτας
814 1368 948 1448 τρέφειν
967 1364 1022 1431 καὶ

63 1458 209 1546 τριήρεις
218 1461 636 1548 ἐκπέμπεινκαλχρήματαε
638 1464 788 1547 ίσφέρειν
799 1460 937 1531 θείκαὶ’
919 1479 1024 1547 αναγ-

63 1557 162 1626 καῑόν
179 1561 285 1643 ἐστιν,
308 1557 448 1627 ἐπὶδ’“
427 1569 516 1682 ημᾶς
536 1559 661 1640 αὐτοὺς
682 1561 889 1649 φηφισμα,ε
892 1569 1024 1647 ίσαγγε-

64 1664 135 1743 λία,
160 1657 326 1743 πάραλος,
349 1667 432 1726 ταῦτ
435 1658 554 1728 ’ἐστίν
569 1663 677 1729 ίκανά.
711 1661 805 1730 ταῦτ’
824 1656 869 1748 ἦν
888 1689 927 1730 εν
938 1687 1025 1748 φρο-

64 1756 222 1825 νούντων
238 1740 446 1844 ἀνθρώπων,
470 1761 718 1847 ἐπηρεαζόντων
735 1760 772 1829 δὲ
793 1763 848 1828 καλ
868 1765 1024 1846 διαφθει-

33 1855 199 1939 3ορόντοιν
214 1855 255 1923 τά
272 1857 464 1944 πράγματα,
487 1856 509 1925 ἃ
525 1867 591 1927 νῦν
608 1885 703 1928 ουτοι
719 1868 883 1930 ποιοῦσιν.
916 1853 1020 1928 καὶ
986 1887 1023 1929 το

66 1955 127 2042 μὲν
136 1955 269 2024 τούτων
280 1956 372 2036 τινας
382 1957 466 2024 εἶναι
477 1960 664 2044 τοιούτους,
682 1957 795 2028 δεινὸν
805 1955 846 2029 ὄν
858 1957 900 2027 οὐ
912 1958 1024 2042 δεινόν

66 2058 172 2125 ἐστιν·
194 2053 269 2123 ἀλλ’
286 2053 381 2142 ὑμεῖς
398 2061 432 2124 οί
445 2057 631 2146 καθήμενοι
649 2058 755 2139 οὕτως
771 2059 835 2147 ἤδη
853 2060 1023 2149 διάκεισθε

67 2153 171 2241 ὥστε,
193 2150 237 2222 άν
253 2159 315 2240 μέν
330 2182 379 2234 τις
399 2167 475 2244 είπη
491 2157 671 2243 παρελθών
688 2158 737 2226 ὅτι
754 2166 938 2244 Διοπείθης
956 2158 1024 2225 ἐστὶ

65 2263 133 2324 τῶν
143 2263 261 2325 κακῶν
270 2257 407 2324 πάντων
419 2266 522 2335 αίτιος
533 2253 554 2342 ἦ
564 2258 678 2343 Χάρης
687 2251 710 2342 η’
722 2255 927 2342 Ἀριστοφῶν
944 2251 967 2341 ἢ
983 2252 1023 2322 ὃν

65 2348 110 2422 ἂν
123 2363 194 2424 τῶν
213 2362 359 2422 πολιτῶν
375 2365 452 2442 είπη
462 2381 527 2439 τις,
550 2353 677 2432 εὐθέως
690 2356 772 2438 φατὲ
782 2357 837 2420 καὶ
846 2358 1024 2438 θορυβεῖτε

35 2463 58 2519 31
67 2451 110 2534 ὁς
120 2452 236 2541 ὀρθῶς
248 2459 349 2539 λέγει·
371 2450 415 2522 άν
427 2453 462 2521 δὲ
473 2451 656 2538 παρελθών
666 2455 744 2539 λέγη
755 2477 804 2528 τις
814 2447 944 2534 τάληθῆ
950 2497 960 2533 ,
973 2445 1024 2514 ὅτι

61 2550 220 2641 “ληρεῖτε,
235 2552 419 2638 Ἀθηναῖοι·
442 2554 579 2620 πάντων
588 2559 657 2619 τῶν
668 2557 783 2618 κακοῖν
792 2550 848 2615 καὶ
858 2555 927 2615 τῶν
937 2569 1024 2630 πρα·

63 2651 220 2742 “γγιάτων
229 2654 359 2721 τούτων
370 2654 532 2731 Φίλιππός
549 2648 617 2720 ἐστ’
636 2661 754 2729 αίτιοςι·
778 2653 808 2715 ελ
817 2644 882 2731 γάρ
899 2650 1023 2725 ἐκεῖνος

60 2747 165 2839 “ἦγεν
173 2750 333 2839 ἡσυχίαν,
346 2749 445 2818 οὐδὲν
458 2746 501 2818 ιλν
512 2744 556 2837 ἦν
566 2759 701 2835 πρᾶγμα
712 2755 753 2835 τῇ
765 2743 886 2831 πόλει,”
907 2742 951 2824 ολς
962 2749 1022 2831 μὲν

64 2851 127 2922 οὐκ
138 2851 255 2938 ἀληθῆ
264 2848 356 2918 ταῦτ’
371 2853 460 2918 ἐστὶν
471 2847 531 2936 οὐχ
543 2852 628 2941 ἕξετε
640 2846 838 2931 ἀντιλέγειν,
857 2841 1024 2930 ἄχθεσθαι

30 2953 103 3018 32οέ
117 2976 178 3038 μοι
202 2955 327 3017 δοκεῖτε
344 2949 399 3016 καὶ
418 2946 529 3031 ὥσπερ
545 2947 733 3016 ἀπολλύναι
743 2971 774 3010 τι
785 2949 937 3028 νομίζειν.
970 2953 1023 3011 αί-

62 3041 136 3118 τιον
155 3050 192 3118 δὲ
208 3047 339 3116 τούτων
355 3053 427 3131 (καί
440 3074 496 3133 μοι
512 3048 595 3134 πρὸς
611 3053 720 3129 θεοῖν,
742 3042 825 3112 ὅταν
845 3043 943 3110 ἕνεκα
962 3052 1024 3109 τοῦ

62 3154 239 3236 βελτίστου
261 3149 364 3233 λέγω,
397 3151 479 3213 ε”στεο
508 3148 706 3231 παρρησία)·
736 3142 1023 3229 παρεσκευάκασιν

62 3246 151 3334 υμᾶς
177 3249 215 3314 έκ
243 3252 372 3313 πολλοῦ
396 3270 467 3311 των
494 3245 761 3328 πολιτευομένων
790 3245 872 3308 ἔνιοι
899 3242 935 3306 έν
961 3263 1022 3321 μεν

62 3363 132 3427 ταῖς
154 3351 344 3432 ἐκκλησίαις
366 3341 532 3430 φοβεροὺς
552 3345 607 3410 καί
627 3340 807 3427 χαλεπονς,
836 3340 872 3404 έν
894 3335 930 3401 δὲ
952 3346 1022 3410 ταῖς

62 3459 292 3535 παρασκευαῖς
319 3457 391 3521 ταῖς
416 3449 478 3510 τοῦ
504 3445 652 3527 πολέμου
678 3433 936 3598 ῥαθάμονςμκαλ
964 3429 1022 3497 εὐ-
