2340 3894
167 224 230 290 282
368 230 478 322 XVIII.¹
501 223 920 293 ΛΗΜΟΣΘΕΝΟΥΣ

165 415 243 471 των,
263 386 465 455 ,διτάλαντον
487 381 518 451 δ’
543 381 770 468 εἶχεςέρανον
792 381 922 477 δωρεάν
945 381 1036 465 παρά
1059 377 1127 449 τῶν

164 485 341 572 ἡγεμόνων
358 491 426 550 τοῖν
443 488 638 568 συμμοριῶν
654 479 704 564 ἐφ’
724 475 773 558 οἷς
788 480 941 567 ἐλυμήνω
960 479 1128 566 τόντριη-

99 611 155 666 ³13
165 580 324 671 ραρχικδν
344 581 459 666 νόμον,
490 577 557 646 ἀλλ’
582 583 638 647 ἵνα
659 578 703 664 μὴ
726 579 830 663 λόγον
843 582 879 648 ἐκ
895 579 1002 664 λόγου
1020 582 1127 664 λέγων

164 688 226 751 τού
248 680 413 764 παρόντος
433 675 577 762 ἐμαυτὸν
587 677 777 763 ἐκκρούσω,
797 683 991 762 παραλείψω
1013 685 1125 744 ταῦτα.

165 777 233 848 ἄλλ’
254 775 347 862 ὅτιν’
371 775 444 862 ούχί
463 775 501 842 δι’
520 778 651 842 ἔνδειαν
664 772 727 842 ούκ
746 777 929 859 ἐπέδωκας,
948 779 984 842 ἐκ
996 776 1127 842 τούτων

165 882 286 965 δῆλον,
314 872 398 942 άλλά
421 873 600 959 φυλάττων
618 872 654 941 τό
673 873 777 958 μηδὲν
794 876 948 940 ἐναντίον
966 875 1127 958 γενέσθαι

165 973 255 1060 παρά
273 981 336 1039 σού
353 971 484 1048 τούτοις
496 967 544 1048 οἷς
561 970 693 1038 ἅπαντα
705 971 878 1039 πολιτεύει.
913 975 951 1038 έν
961 978 1051 1039 τίσιν
1064 964 1126 1039 οὖν

165 1070 207 1140 σύ
220 1077 352 1146 νεανίας
363 1071 417 1136 καὶ
428 1075 550 1153 πηνίκα
563 1069 728 1155 λαμπρός;
753 1067 838 1155 ἡνίκ’
851 1065 895 1136 άν
904 1067 989 1136 κατά
999 1095 1126 1137 τουτω-

162 1172 194 1238 νδ
207 1173 274 1256 δέη,
287 1173 324 1236 ἐν
333 1169 462 1246 τούτοις
472 1169 807 1255 λαμπροφωνότατος,
816 1168 1120 1254 μνημονικώτατος,

162 1266 343 1356 ὑποκριτὴς
353 1265 495 1350 ἄριστος,
507 1266 660 1351 τραγικὸς
672 1274 861 1352 Θεοκρίνης.

97 1386 154 1440 314
246 1364 328 1434 Εἶτα
338 1372 407 1432 τῶν
418 1366 581 1451 πρότερον
591 1369 822 1453 γεγενημένων
833 1364 976 1452 άγαθύν
988 1365 1122 1450 ἀνδρῶν

130 1471 133 1478 ’
165 1470 336 1554 μέμνησαι.
368 1467 423 1533 καὶ
433 1475 541 1545 καλῶς
558 1480 669 1545 ποιεῖς.
700 1463 742 1533 ού
753 1468 867 1552 μέντοι
878 1465 1012 1534 δίκαιόνΙ
1023 1469 1120 1550 ἐστιν,

77 1566 84 1586 '
166 1558 324 1650 ύάνδρες
330 1560 512 1648 Ἀθηναῖοι,
525 1561 587 1649 τὴν
598 1565 681 1647 πρός
692 1562 771 1642 τούς
781 1566 1057 1651 τετελευτηκότας
1068 1562 1123 1631 εύ-

165 1691 263 1732 νοιαν
274 1661 492 1749 ὑπάρχουσαν
512 1664 725 1749 προλαβόντα
738 1661 812 1746 παρ’
825 1662 924 1749 ύμεόν
942 1661 1031 1749 πρός
1042 1665 1162 1731 ἐκεί-33

165 1788 247 1841 νους
267 1763 425 1842 ἐξετάζειν
447 1765 502 1829 καὶ
522 1762 750 1850 παραβάλλειν
767 1761 824 1848 ἐμέ
842 1761 904 1829 τόν
929 1769 1000 1829 νῦν
1020 1768 1124 1842 ζῶντα

99 1881 156 1935 315
165 1858 238 1945 μεθ’
252 1859 357 1944 ὑμῶν.
389 1867 438 1938 τίς
454 1859 518 1944 γάρ
538 1859 600 1926 ούκ
614 1860 683 1926 οἶδε
695 1868 764 1928 τῶν
775 1861 910 1936 πάντων
921 1858 974 1928 ὅτι
984 1875 1055 1939 τοῖς
1066 1862 1125 1947 μὲν

164 1965 241 2038 ζῶσι
263 1965 364 2025 πᾶσιν
385 1956 507 2024 ὕπεστί
523 1984 572 2036 τις
593 1955 615 2043 ἢ
636 1966 759 2026 πλείων
779 1955 801 2044 η’
818 1958 964 2026 ἐλάττων
981 1959 1123 2045 φθόνος,

163 2055 242 2135 τούς
257 2063 445 2135 τεθνεῶτας
464 2055 500 2124 δὲ
517 2054 677 2124 οὐδένων
695 2061 828 2143 ἐχθρῶν
838 2056 949 2136 οὐδεὶς
961 2062 1009 2124 ἐτι
1020 2052 1122 2143 μισεῖς

163 2155 271 2234 οὕτως
289 2147 352 2222 οὖν
368 2155 514 2241 ἐχόντων,
529 2157 660 2225 τούτων
672 2165 712 2244 τῇ
729 2156 846 2242 φύσει,
869 2153 954 2242 πρός
964 2154 1048 2235 τούς
1058 2155 1120 2238 πρὸ

163 2259 309 2341 ἐμαυτοῦ
320 2263 386 2323 νύν
403 2253 467 2339 ένιδ
478 2263 641 2342 κρίνωμαι
651 2258 707 2323 καὶ
718 2262 915 2340 θεωρῶμαις
943 2258 1120 2341 μηδαμῶς·
1155 2333 1157 2335 ,

162 2353 238 2422 ούτε
250 2354 314 2440 γάρ
326 2359 457 2423 δίκαιον
467 2352 542 2424 οὔτ’
554 2364 639 2438 ἴσον,
653 2360 809 2447 Αἰσχίνη,
823 2350 906 2419 άλλά
919 2351 1006 2437 πρὸς
1018 2353 1056 2421 σέ
1067 2355 1119 2420 καὶ

162 2452 266 2521 άλλον
277 2463 309 2521 εί
317 2480 391 2520 τινα
402 2455 519 2540 βούλει
530 2460 598 2520 τῶν
615 2450 719 2520 ταύτά
737 2444 791 2520 σοι
808 2453 1118 2539 προηρημένωνκαί

95 2570 152 2624 316
162 2549 303 2630 ζώντων.
336 2550 470 2621 κάκεῖνο
489 2553 614 2620 σκόπει.
642 2551 791 2637 Υπότερον
802 2550 940 2619 κάλλιον
958 2551 1118 2638 καδάμει-

95 2723 100 2730 ‚
162 2661 225 2716 νον
234 2656 276 2738 τῇ
288 2648 382 2718 πόλει
394 2649 447 2718 διά
459 2650 517 2728 τάς
529 2658 597 2717 τῶν
609 2651 774 2738 πρότερον
785 2648 980 2736 εὐεργεσίας
987 2703 996 2736 ,
1016 2650 1118 2728 οὔσας

148 2744 419 2831 ’ύπερμεγέθεις,
432 2749 473 2814 ού
484 2747 545 2832 μὲν
556 2741 620 2814 οὖν
632 2758 719 2816 είποι
730 2776 778 2827 τις
790 2743 833 2816 άν
843 2746 974 2835 ἡλίκας,
997 2749 1057 2828 τὰς
1070 2749 1118 2816 ἐπὶ

162 2841 222 2911 τόν
239 2844 390 2929 παρόντα
401 2845 476 2930 βίον
487 2849 685 2931 γιγνομένας
703 2853 749 2926 είς
761 2845 955 2933 ἀχαριστίαν
966 2851 1023 2916 καὶ
1037 2873 1117 2934 προ-

161 2940 371 3028 πηλακισμόν
383 2942 486 3028 άμειν,
502 2940 525 3030 ἦ
537 2954 647 3030 πᾶσιν,
660 2945 734 3014 ὅσοι
743 2973 775 3012 τι
787 2941 853 3031 μετ’
868 2943 1004 3024 εὐνοίας
1014 2946 1117 3033 πράτ-

160 3061 273 3124 τουσι,
291 3047 350 3127 τῆς
360 3040 450 3126 παρὰ
460 3045 589 3111 τούτων
600 3054 694 3131 τιμῆς
706 3048 762 3112 καὶ
773 3052 1033 3130 φιλανθρωπίας
1044 3070 1115 3132 μετ-

96 3147 263 3219 3ιη“είναι;
284 3141 339 3206 καὶ
354 3140 422 3227 μὴν
436 3147 466 3208 εί
484 3143 547 3209 καί
562 3140 732 3224 τοῦτ”άρα
752 3148 805 3211 δεῖ
820 3169 860 3228 με
879 3149 996 3228 εἰπεῖν,
1016 3141 1037 3231 ἡ
1060 3144 1116 3230 μὲν

161 3237 222 3325 ἐμὴ
234 3244 381 3305 πολιτεία
392 3241 447 3306 καὶ
459 3245 659 3325 προαίρεσις,
672 3240 715 3307 άν
726 3267 774 3318 τις
789 3237 901 3324 ὀρθῶς
913 3250 1036 3328 σκοπῇ,
1050 3253 1114 3318 ταῖς

51 3396 58 3412 ,
161 3344 231 3403 των
241 3334 304 3405 τότ’
318 3341 571 3423 ἐπαινουμένων
588 3337 723 3422 α’νδρῶν
737 3335 834 3424 ὁμοία
845 3339 900 3405 καὶ
916 3336 1024 3407 ταύτὰ
1035 3346 1113 3425 βον-

162 3438 285 3522 λομένη
301 3437 499 3523 φανήσεται,
521 3436 591 3523 ἡδὲ
613 3436 654 3524 σὴ
673 3452 743 3518 ταῖς
758 3444 827 3505 τῶν
842 3435 923 3516 τούς
943 3436 1112 3514 τοιούτους
