2340 3894
59 204 62 209 >
110 183 175 249 ιιι
295 194 314 265 j
337 186 410 274 τοι.
437 178 864 249 Λκωοεοεαονε-

111 344 197 414 εἶναι
207 353 350 430 νομίσαι.
377 343 440 429 έγά
456 340 489 411 δ’
500 338 571 427 ὁρῶ
581 341 643 426 μὲν
656 335 700 418 ἀς
709 336 855 424 χαλεπὸν
864 335 905 407 τά
917 339 1072 424 βέλτιστα

111 446 220 529 λέγειν
232 446 303 511 ἐστί
309 466 318 483 ·
334 444 651 527 συνεξηπατημένων
660 435 725 524 γάρ
736 435 849 524 ὑμῶν,
860 441 917 506 καὶ
927 445 996 504 τοῖν
1005 437 1072 523 μέν

110 542 216 626 ταυτὶ,
228 549 297 609 τοὸν
309 541 345 609 δὲ
355 541 449 608 ταυτὶ
458 542 684 626 βουλομένων,
704 533 748 605 ἀν
765 535 805 604 τά
816 536 939 623 μεταξύ
955 563 1003 615 τις
1013 541 1070 621 έγ·

39 719 41 722 ,
109 648 203 726 χειρή
214 644 322 724 λέγειν
332 642 387 707 καὶ
397 635 490 724 ὑμεῖς
498 635 542 724 μή
553 639 747 724 περιμένητε
757 645 890 724 μαθεῖν,
908 649 1069 722 χαριεῖται

54 774 58 780 ·
83 738 172 825 σμὲν
181 734 376 824 οὐδετέροις,
385 736 636 825 διαβεβλήσεται
646 736 682 804 δὲ
690 734 773 821 πρὸς
784 734 1007 822 ἀμφοτέρους·
1025 729 1069 804 οὐ

110 835 179 924 μήν
195 835 264 906 ἀλλ’
279 838 456 923 αἱρήσομαι
472 844 602 923 μάλλον
617 833 734 920 αὐτὸς,
753 831 798 902 ἀν
814 834 880 921 ἀρα
890 840 989 902 τοῦτο
1001 833 1071 900 πά-

109 947 175 1020 θω,
188 942 301 1005 δοκεῖν
310 944 483 1022 φλυαρεῖν,
500 931 607 1021 ήπαρ’
620 931 805 1020 ἀβέλτιστα
817 938 938 1019 νομίζω
951 940 992 1019 τῇ
1003 931 1070 1000 πό-

109 1029 346 1119 λει,’προέσθαι
356 1037 443 1101 τισὶν
454 1029 540 1118 ὑμᾶς
551 1034 757 1119 ἐξαπατήσαι.
787 1029 828 1099 τά
839 1033 901 1118 μὲν
917 1025 980 1100 οὖν
996 1028 1067 1101 ἀλλ’

108 1129 267 1220 ὕστερον,
291 1127 335 1200 ἀν
351 1129 432 1218 ὑμῖν
449 1133 666 1220 βουλομένοις
681 1124 721 1220 ἦ,
743 1135 841 1210 λέξω·
867 1127 933 1198 ἀπὸ
952 1132 1071 1199 δέτῶν

107 1230 388 1321 ὁμολογουμένων
400 1228 455 1318 ὑφ’
470 1228 631 1299 ἀπάντων
642 1228 781 1317 ἀρξομαι
793 1227 815 1296 ἀ
826 1228 986 1315 κράτιστα
1006 1255 1068 1301 νο,-

6 1381 9 1386 -
106 1337 187 1417 μιζω
203 1329 383 1398 διδάσκειν.

81 1445 100 1496 4
195 1426 333 1499 Οὐκοῦν
350 1426 425 1497 οὐδ’
438 1424 483 1497 ἀν
501 1424 546 1508 εἷς
563 1426 711 1497 ἀντείποι
725 1425 770 1508 ὡς
786 1425 828 1496 οὐ
844 1429 1011 1513 συμφέρει
1026 1435 1067 1515 τῇ

106 1529 202 1599 πόλει
212 1531 268 1597 καὶ
278 1533 562 1614 Λακεδαιμονίους
573 1528 727 1607 ἀσθενεῖς
737 1526 821 1595 εἶναι
831 1529 886 1595 καὶ
898 1533 1068 1613 Θηβαίους
1075 1540 1107 1592 20

1 1686 2 1695 ,
105 1635 271 1698 τουτουσί.
307 1633 376 1697 ἔστι
391 1633 508 1696 τοίνυν
526 1623 564 1696 έν
581 1654 648 1696 τινι
658 1625 797 1716 τοιούτω
808 1633 913 1716 καιρῷ
924 1625 966 1693 τά
978 1625 1066 1709 πρά-

105 1751 215 1813 γματα
226 1733 302 1814 νῦν,
319 1737 390 1796 εἴτι
401 1732 453 1795 δεῖ
460 1742 529 1808 τοῖς
539 1732 722 1815 εἰρημένοις
734 1728 890 1805 πολλάκις
901 1724 976 1814 παρ’
986 1722 1068 1812 ὑμῖν

104 1827 219 1911 λόγοις
235 1825 473 1913 τεκμήρασθαι,
500 1824 584 1894 ἀστε
601 1833 766 1913 Θηβαίους
786 1827 847 1913 μέν
867 1824 1067 1918 Ὀρχομενοῦ

105 1927 162 1993 καὶ
176 1933 329 1995 Θεσπιῶν
345 1929 400 1993 καὶ
410 1933 591 1994 Πλαταιῶν
607 1931 821 1994 οἰκισθεισῶν
837 1923 993 2004 ἀσθενεῖς
1010 1951 1066 2009 γε·

108 2024 245 2105 νέσθαι,
261 2028 546 2109 Λακεδαιμονίους
562 2023 607 2109 δ’,
618 2030 650 2092 εί
658 2023 854 2110 ποιήσονται
863 2022 926 2110 τήν
944 2021 1061 2106 Ἀρκα-

107 2124 184 2189 δίαν
194 2117 251 2205 ὑφ’
263 2123 389 2200 ἑαυτοῖς
398 2125 455 2190 καὶ
464 2124 627 2208 Μεγάλην
647 2123 746 2193 πόλιν
757 2121 986 2210 ἀναιρήσουσι,
1000 2122 1065 2189 πά-

80 2228 160 2290 σλιν
170 2218 328 2307 ἰσχυροὺς
338 2221 556 2308 γενήσεσθαι
580 2225 740 2290 σκεπτέον
751 2227 868 2290 τοίνυν
884 2220 929 2306 μή
941 2221 1063 2305 πρότε-

103 2320 297 2404 ροντούσδε
313 2324 473 2407 γενέσθαι
483 2319 650 2408 φοβεροὺς
669 2323 724 2389 καὶ
735 2319 900 2406 μεγάλους
911 2319 1063 2405 ἐάσωμεν

102 2415 126 2506 ή
133 2416 250 2488 *κεῖνοι
261 2425 371 2507 μικροί
381 2422 591 2508 γενήσονται,
603 2423 658 2488 καί
669 2419 823 2486 λάθωσιν
833 2415 920 2504 ήμάς
931 2426 1058 2486 πλείονι

102 2525 233 2605 μείζους
249 2525 284 2588 οί
294 2521 551 2607 Λακεδαιμόνιοι
567 2518 743 2605 γενόμενοι
769 2512 792 2604 ή
810 2516 879 2606 ὅσῳ
901 2516 981 2594 τοὺς
992 2525 1060 2604 Θη-

71 2614 73 2619 ’
102 2624 222 2704 βαίους
232 2618 386 2697 ἐλάττους
398 2621 560 2705 συμφέρει
570 2623 736 2704 γενέσθαι.
767 2617 809 2685 οὐ
827 2615 892 2702 γάρ
910 2616 1020 2685 ἐκεῖνό
1031 2615 1059 2702 γ’

103 2711 147 2782 ἀν
158 2724 317 2801 εῖποιμεν,
327 2714 646 2796 άςάνταλλάξασθαι
657 2712 848 2804 βουλοίμεθ’
857 2710 1070 2795 ἀντιπάλους
1095 2766 1096 2772 1

103 2818 388 2897 Λακεδαιμονίους
417 2811 490 2881 ἀντὶ
519 2823 691 2903 Θηβαίων,
721 2813 799 2884 οὐδὲ
826 2810 913 2882 τοῦτ’
945 2812 1015 2884 ἔσθ’
1039 2812 1060 2881 ὃ

102 2910 346 2997 σπουδάζομεν,
363 2910 432 2980 ἀλλ’
446 2912 538 2994 ,ὅπως
554 2919 726 3002 μηδέτεροι
743 2916 945 3001 δυνήσονται
956 2916 1060 3002 μηδὲν

101 3006 189 3096 ἡμᾶς
200 3006 341 3078 ἀδικεῖν·
358 3011 447 3080 οὕτω
458 3014 523 3100 γάρ
534 3010 578 3083 ἀν
588 3013 682 3102 ἡμεῖς
691 3015 772 3101 μετὰ
784 3022 938 3101 πλείστης
949 3014 1059 3094 ἀδείας

102 3119 225 3196 εῖημεν.

75 3227 94 3281 6
185 3205 282 3276 Ἀλλά
293 3208 335 3295 νή
347 3217 414 3278 Δία
424 3220 527 3281 ταῦτα
538 3213 598 3299 μέν
615 3211 705 3282 οὕτω
716 3219 786 3283 δεῖν
797 3221 882 3302 ἔχειν
894 3214 1058 3303 φήσομεν,

105 3305 219 3377 δεινὸν
230 3304 261 3378 δ’
275 3314 321 3393 εί,
344 3312 427 3394 πρὸς
442 3309 502 3391 οὓς
523 3313 794 3400 παρεταττόμεθα
812 3318 848 3383 έν
859 3321 1057 3400 Μαντινείᾳ,

103 3408 246 3487 τούτους
271 3410 466 3497 συμμάχους
491 3412 716 3498 αἱρησόμεθα·
753 3413 823 3482 εἶτα
842 3405 1059 3502 βοηθήσομεν
