2340 3894
123 200 250 247 mvm
363 192 366 203 '
504 182 759 241 cancromata

125 369 186 411 rum
210 349 385 422 quorundam
406 352 532 406 locorum
555 350 753 421 similitudine,
776 350 953 420 quantumvis
978 355 1138 418 manilesta,

125 438 243 491 multum
263 437 397 505 probatur
419 435 447 488 ln
474 434 529 488 hoc
561 436 757 503 quaestionum
786 448 908 506 genere,
938 448 1025 504 quum
1051 434 1138 489 libros

125 535 183 575 non
206 534 315 590 paucos
337 518 481 573 exstitisse
510 523 618 573 constet
647 518 675 571 in
698 519 799 588 quibus
830 517 1026 584 exordiorum,
1051 518 1139 588 epilo-

126 619 226 676 gorum
252 604 435 672 locorumque
463 603 651 657 communium
680 602 853 657 tractationis
881 603 1012 671 exempla
1036 595 1139 672 propo·

125 688 180 743 sita
202 687 350 757 σκοποῖ’),
379 686 480 755 quibus
508 685 554 739 vel
575 685 686 740 mutatis
713 701 766 755 pro
794 686 913 740 consilio
935 700 987 739 suo
1012 686 1061 739 vel
1082 700 1139 739 non

126 770 237 827 mutatis
264 775 390 823 oratores
417 770 593 838 iuvenesque
624 769 653 822 in
680 766 824 823 rhetorum
853 769 959 825 scholis
986 774 1138 825 uterentur.

127 854 196 909 Hinc
227 853 308 907 facile
330 852 392 906 fieri
414 855 524 923 poterat
548 858 577 907 ut
601 852 701 907 eadem
724 852 882 922 iisdemque
912 836 970 908 lere
997 852 1093 908 verbis
1121 866 1139 915 ,a

125 938 254 1009 pluribus
277 935 436 991 dicerentur
461 936 601 991 communi
623 937 699 990 sonte
726 937 874 1006 utentibus,
898 942 927 991 ut
950 937 1048 990 initio
1071 951 1168 1007 quo··

127 1037 182 1092 que
204 1021 266 1074 loco
282 1011 348 1087 moi
364 1007 506 1091 βασάνων
529 1022 632 1074 iactum
653 1035 717 1074 esse
738 1026 847 1091 potest,
870 1036 927 1091 quo
949 1025 1016 1090 post
1029 1019 1140 1075 Isaeum

126 1105 284 1170 Isocrates,
306 1110 371 1173 post
392 1103 544 1157 isocratem
562 1102 765 1159 Demosthenes
788 1109 934 1168 mosset,
958 1102 1128 1173 quemadmo

127 1187 194 1242 dum
213 1186 289 1241 idem
305 1187 334 1241 in
348 1185 466 1241 exordio
486 1187 620 1242 orationis
635 1193 730 1242 contra
741 1187 927 1243 Timocratem
949 1192 974 1253 s.
992 1191 1020 1245 4.
1038 1186 1138 1257 Mol.

127 1271 293 1325 sententiam
315 1276 513 1342 pervagatam,
543 1286 682 1342 quemque
710 1276 849 1326 oratorem
877 1270 907 1325 id
937 1268 973 1324 de
1002 1285 1058 1341 quo
1076 1268 1138 1341 ipse

128 1355 224 1410 dicere
254 1354 320 1408 velit
352 1355 550 1425 gravissimum
580 1354 794 1426 auditorumque
824 1355 975 1410 attentione
1006 1352 1139 1424 diguissi-

128 1454 204 1493 mum
226 1438 319 1493 solere
338 1437 481 1509 judicare,
510 1438 609 1493 iisdem
635 1454 725 1510 prope
750 1440 845 1495 verbis
879 1437 1008 1493 tractavit
1037 1436 1140 1508 quihus

128 1522 269 1577 Isocrates
296 1523 324 1576 in
353 1521 470 1577 exordio
502 1523 637 1576 orationis
669 1520 705 1575 de
734 1537 805 1594 pace
833 1539 902 1577 usus
928 1527 986 1588 est,
1018 1526 1046 1574 ct
1067 1532 1138 1591 quse

128 1612 193 1661 sunt
220 1606 275 1660 alia
297 1607 379 1677 plura
400 1607 435 1658 ab
456 1604 579 1659 lacerate
602 1611 629 1659 et
655 1604 844 1661 Demosthene
866 1605 994 1660 similiter
1021 1594 1139 1673 dicta'),

128 1705 200 1760 quae
229 1688 297 1743 nihil
329 1689 475 1743 conterunt
507 1688 544 1742 ad
574 1686 660 1742 fidem
680 1690 815 1744 fabulosis
847 1688 1015 1758 quibusdam
1043 1700 1140 1743 narra·

133 1811 330 1820 ..ι-...ῳ

131 1869 204 1927 Quod
229 1871 254 1918 io
279 1871 426 1918 universum
449 1869 482 1919 de
502 1860 597 1934 λόγους
619 1863 815 1932 ἕπιτροπικοῖς
837 1870 935 1920 dixerat
959 1871 986 1917 lu
1008 1869 1068 1919 Vita
1088 1868 1139 1920 Ds-

128 1938 221 1987 mostlr.
243 1953 269 2001 p.
289 1938 314 2002 3,
333 1938 374 1988 10.
395 1930 462 1993 τοὺς
479 1929 581 2002 λόγους
597 1933 668 1995 τοὺς
686 1931 888 2002 ἐπιτροπικοὺς
906 1933 980 1988 εἰσὶν
1002 1934 1037 1989 οἵ
1049 1949 1141 2003 φασιν

126 1998 232 2055 Ἰσαίου
252 2001 299 2054 καὶ
318 1997 352 2054 οὐ
371 2001 580 2070 Δημοσθένους
597 1999 672 2056 εἶναι
686 2000 736 2056 διὰ
753 2000 806 2071 τὴν
819 1997 933 2071 ἡλιαίαν
951 2014 997 2056 etc.
1034 2056 1037 2061 ,

198 2070 226 2135 a)
244 2073 281 2122 De
302 2074 350 2125 hoo
367 2089 459 2140 genere
479 2076 598 2125 librorum
616 2077 681 2124 dixit
696 2070 848 2142 Spengclius
868 2078 893 2125 in
911 2070 1073 2141 Συναγωγῇ
1095 2086 1139 2127 τεν

126 2138 205 2207 goda
218 2156 245 2206 p.
261 2143 309 2193 102
322 2156 393 2206 seqq.
420 2144 552 2207 Ejusmodi
566 2144 753 2196 Prooemiorum
766 2146 949 2210 quinquaginta
961 2158 1009 2193 sex
1022 2142 1137 2195 collectio

127 2212 285 2260 orationibus
297 2210 481 2270 ¹Demosthenis
506 2215 532 2263 in
551 2213 681 2263 codicibus
701 2214 800 2276 adjecta
817 2225 855 2263 cst
879 2212 968 2274 [LXII.
987 2226 1014 2278 p.
1035 2210 1139 2264 141⁸-

129 2280 228 2343 ledan,
247 2280 380 2342 aliquoties
403 2289 541 2334 memorata
559 2283 590 2331 ab
609 2282 808 2347 Harpocratione
825 2290 850 2331 et
867 2281 985 2353 l'olluce,
1007 2282 1054 2330 scd
1071 2290 1140 2329 unito

127 2362 143 2397 a
160 2348 289 2413 plerisque
308 2350 464 2401 addubitata.
501 2351 593 2401 Contra
616 2352 740 2401 immerito
759 2366 789 2401 ea
812 2351 978 2401 Demostheni
995 2348 1140 2414 abjudicari

127 2427 214 2468 causet
229 2417 419 2469 Schoemounus
436 2422 462 2468 in
478 2420 542 2469 libro
560 2421 592 2469 de
611 2421 720 2471 comitiis
739 2435 765 2487 p·
785 2418 844 2471 305.
883 2418 952 2469 Nihil
971 2420 1038 2469 enirn
1057 2418 1084 2467 in
1096 2416 1139 2467 his

126 2484 267 2539 Prooemiis
284 2497 322 2537 cst
339 2489 407 2551 quod
419 2502 468 2539 non
485 2488 524 2538 vel
538 2488 569 2536 ab
584 2488 752 2538 Demosthene
765 2489 822 2553 ipso
835 2488 911 2537 scribi
926 2488 1037 2553 potuerit
1048 2484 1090 2535 vel
1105 2484 1138 2535 ab

126 2555 186 2604 aliis
200 2556 314 2619 ejusdem
332 2559 423 2606 aetatis
438 2557 594 2615 oratoribus,
620 2572 666 2606 nec
684 2556 822 2619 quidquam
842 2570 947 2606 caussae
965 2562 1004 2605 est
1028 2568 1073 2605 cnr
1089 2552 1139 2603 De-

128 2624 285 2673 mosthenem
304 2624 450 2687 hujusmodi
469 2625 599 2688 prooemia
616 2633 764 2689 praeparata
779 2625 900 2675 habuisse
919 2638 1056 2689 negemus.
1075 2622 1146 2685 qua?

133 2692 167 2739 iia
186 2692 273 2741 Cicero
294 2708 322 2742 se
340 2692 461 2740 habuisse
479 2699 564 2740 narrat
581 2693 606 2740 iu
624 2693 746 2757 Epistoiis
765 2695 797 2743 ad
816 2695 927 2743 Atticum
946 2692 988 2752 16,
1004 2692 1029 2743 d.
1044 2690 1140 2756 (‚,Ha·

128 2760 174 2808 deo
191 2763 302 2809 volumen
316 2763 504 2822 prooemiorum.
544 2760 587 2808 Em
605 2776 634 2811 eo
653 2765 745 2826 stipere
763 2765 845 2823 soleo,
864 2777 935 2827 quum
952 2760 1058 2826 aliquod
1071 2748 1139 2823 συύ-

129 2840 203 2892 posto
225 2840 243 2874 οι
264 2826 403 2892 ἰασίίἱαί.“)
423 2835 447 2876 et
470 2828 599 2893 Antiphon
617 2830 737 2879 habuisse
761 2831 875 2894 videtur,
901 2830 974 2894 cujus
998 2825 1140 2892 προοίμια

127 2891 175 2945 καὶ
206 2894 318 2959 πίλογοι
332 2904 502 2946 memorantur
517 2898 548 2946 ab
562 2895 640 2947 Suida
654 2914 675 2947 s.
691 2915 714 2948 v.
728 2887 793 2962 ἅμα,
813 2893 970 2948 αἰσθέσθαι
988 2905 1013 2946 et
1025 2891 1139 2961 poth'-

129 2956 187 3030 ρος.
230 2964 425 3015 Demostheuioa
448 2980 521 3024 vera,
553 2981 658 3028 quorum
679 2967 753 3033 plura
780 2982 837 3016 curn
862 2967 974 3017 exordiis
994 2966 1157 3025 orationum,

128 3033 285 3096 quarundam
305 3049 368 3095 quae
387 3043 523 3099 supersunt
541 3034 592 3084 lere
611 3036 779 3094 conveniunt,
805 3044 888 3085 utrum
911 3035 973 3084 talia
996 3033 1140 3084 habeamus

128 3102 212 3165 qualia
230 3111 313 3150 orator
332 3103 358 3150 in
376 3103 477 3153 schedis
496 3104 549 3154 suis
567 3103 682 3166 reliquit,
706 3119 738 3153 au
758 3106 790 3154 ab
808 3104 908 3154 rhetore
927 3103 1014 3166 aliquo
1033 3116 1067 3153 ox
1086 3102 1136 3151 De·

129 3169 339 3221 mosthenicsrum
357 3172 514 3234 aliarumque
532 3174 672 3222 orationum
691 3174 818 3232 exordiis,
836 3175 912 3225 modo
931 3170 1041 3221 servatis
1058 3170 1136 3220 modo

129 3240 232 3290 mutatis
247 3248 373 3289 oratorum
392 3240 490 3305 verbis,
509 3243 649 3306 composita
668 3243 731 3304 sint,
749 3256 798 3291 uon
815 3251 875 3307 puto
889 3241 923 3291 ad
937 3239 1063 3304 liquidum
1078 3252 1137 3305 per·

129 3309 188 3359 duci
225 3323 293 3359 osec.

197 3323 226 3442 bg
256 3377 331 3428 Plura
357 3378 504 3443 hujusmodi
533 3378 635 3444 collegit
656 3378 859 3430 Funlhaenellus
886 3380 913 3428 in
939 3375 1139 3427 Zimmemranut

128 3444 217 3496 Diario
232 3461 257 3496 e.
276 3444 353 3498 1837.
369 3460 395 3512 p.
413 3447 472 3500 485.
492 3462 564 3510 seqq.
