2340 3894
203 188 939 258 nEP1.TH>:.11A1³A11962361A2.
986 195 1049 263 ³5⁵

47 340 50 349 ⁸
91 346 182 434 οἶμαι
194 357 316 439 πολλῷ.
338 350 512 436 βιάσονται
521 357 638 420 τοίνυν
649 355 980 441 ῖσωςμεγαλόφωνοι
994 361 1050 426 καὶ

92 446 238 527 ἀναιδεῖς
259 447 370 535 ὄντες,
400 452 455 517 καὶ
480 448 519 517 τό
548 453 729 539 συγγνώμη
752 451 887 544 ἀδελφῷ
909 463 1050 542 βοηθεῖν

42 546 358 634 ιδθπροσειληφότες.
384 547 478 635 ὑμεῖς
488 547 525 616 δὲ
534 550 578 636 μη
589 547 748 638 ἡττᾶσθε,
760 554 867 620 ἐκεῖνο
877 555 1050 640 ε’νθυμού

92 672 204 732 μενοι,
228 645 279 714 ότι
295 648 427 726 τούτοις
449 649 510 735 μὲν
525 649 649 716 τούτου
669 648 828 737 προσήκει
849 656 1048 740 φροντίζειν,

91 743 174 831 ὑμῖν
185 747 221 815 δὲ
230 748 482 834 τῦννόμωνκαδ
495 746 575 834 ὅλης
586 755 643 835 τῆς
654 750 782 829 πόλεως
793 751 847 818 καὶ
858 749 948 836 παρά
960 752 1049 821 πόν-

92 871 133 912 τα
144 852 213 912 τῦν
229 843 342 930 ὅρκων
348 897 358 930 ,
382 843 441 927 οῦς
458 844 555 915 αὐτοὶ
571 848 728 935 κάθησθε
739 847 957 936 ὀμωμοκότες.
994 853 1050 921 καὶ

91 941 158 1030 γάρ
171 949 200 1011 εί
207 952 310 1012 τινων
321 949 492 1032 δεδέηνται
501 948 636 1014 τουτονὶ
646 947 779 1034 σώζειν,
802 947 908 1036 πότερ’
922 945 966 1017 άν
985 977 1050 1036 μη-

93 1043 152 1112 δὲν
163 1040 288 1110 άδικων
300 1051 458 1130 φαίνηται
467 1042 529 1132 την
540 1043 640 1113 πόλιν
650 1041 672 1131 6
682 1041 748 1114 κάν
759 1045 902 1132 άδικῦν,
915 1063 1053 1118 σκοπεῖ·

75 1148 136 1208 ’τε
172 1147 203 1211 εί
209 1145 271 1226 μὲν
281 1140 345 1226 γάρ
358 1139 402 1209 άν
412 1141 475 1230 μὴ,
498 1141 591 1228 κάγιό
603 1170 689 1229 φημι
700 1150 786 1230 δεῖν,
800 1152 831 1214 εί
840 1145 871 1214 δ’
887 1146 972 1226 ὅλως
983 1144 1049 1216 κάν

93 1238 220 1325 ὁτιοῦν,
232 1243 398 1328 ἐπιορκεῖν
411 1246 590 1328 δεδέηνται.
624 1241 667 1310 οῦ
677 1242 741 1329 γάρ
758 1249 790 1312 εί
797 1246 948 1332 κρύβδην
960 1250 1048 1315 ἐστὶν

91 1337 254 1462 ηψηφος,
275 1341 368 1427 λη’σει
382 1339 462 1421 τοῦς
478 1339 597 1427 θεούς,
617 1339 700 1410 άλλά
717 1350 817 1410 τοῦτο
838 1347 894 1411 καὶ
911 1346 1048 1413 πάντων

91 1439 208 1524 ἄριστα
226 1467 244 1508 0
234 1437 422 1519 ’τιθεὶς
388 1467 449 1508 τον
467 1440 575 1526 νόμον
598 1438 718 1507 εἴδετο
739 1438 891 1566 κρύβδην
908 1448 1049 1528 ψηφίζε-

90 1551 192 1625 σθαι,
215 1537 266 1606 ότι
282 1539 413 1607 τούτων
423 1541 485 1626 μὲν
496 1539 605 1618 οὐδεὶς
623 1548 744 1608 εἴσεται
760 1540 821 1607 τόν
831 1543 939 1631 ἑαυτῷ
949 1568 1048 1628 κεχα-

60 1644 249 1727 ρισμένον
268 1638 423 1727 ῦμων,ο
406 1644 440 1708 oc
454 1641 530 1708 θεολ
547 1639 583 1708 δὲ
594 1648 739 1707 ελσονται
751 1642 805 1707 καὶ
821 1667 858 1707 το
849 1638 1048 1725 δαίμονιον
1056 1653 1109 1710 416

42 1757 82 1810 ιλο
90 1739 150 1806 τόν
161 1738 205 1826 μη
217 1767 257 1807 τα
245 1737 377 1807 δίκαια
389 1739 631 1860 ψηφισάμενον.
655 1735 731 1823 παρ’
739 1729 787 1805 όν
798 1739 948 1824 κρειττόν
959 1743 1048 1808 ἐστιν

91 1839 218 1930 εκάστην
235 1837 294 1918 τάς
311 1837 442 1924 άγαθάς
458 1841 591 1918 ἐλπίδας
606 1851 675 1916 τοῖς
691 1841 784 1905 παισὶ
795 1839 878 1906 καῖ’
862 1845 984 1930 εαυτῷ,
1006 1838 1047 1905 τὰ

93 1907 203 2007 δίκαιά
221 1939 345 2025 γνόντα
361 1937 472 2007 καὶ
434 1967 475 2006 τα
486 1936 713 2060 προσηιιοντα,
736 1907 1049 2026 περιποιήσαόθαιῆ

91 2040 154 2124 την
166 2037 278 2125 άφανη
265 2040 345 2106 καὶ
355 2037 531 2160 άδηλον’
490 2065 587 2124 χαριν
600 2037 732 2116 τούτοις
741 2039 966 2126 καταθέσθαι,
993 2040 1047 2107 καὶ

92 2136 227 2223 άφεῖναι
248 2134 406 2205 τοῦτον“
387 2163 426 2214 ος
441 2134 541 2213 αὐτὸς
560 2139 683 2204 ἑαυτοῦ
702 2136 1045 2224 καταμεμαρτύρηκεν.

90 2244 165 2307 τίνα
181 2236 263 2324 γάρ,
288 2244 445 2322 Αἰσχίνη,
468 2237 621 2321 μάρτυρα
638 2241 734 2320 μειζω
752 2237 969 2320 παράσχωμαι
986 2241 1047 2303 τοῦ

90 2338 196 2406 πολλοὶ
207 2339 262 2406 καὶ
274 2334 366 2405 δεινά
382 2339 655 2422 πεπρεσβεῦσθαί
663 2353 716 2400 σοι
726 2329 748 2419 6
760 2331 796 2400 σε
811 2331 895 2400 κατά
906 2343 1049 2414 σαντοῦ;

91 2433 127 2514 ὃς
147 2435 212 2522 γάρ
235 2433 350 2524 ᾦήθης
369 2441 490 2521 χρῆναι
502 2430 571 2501 ’τόν
592 2430 743 2518 φανερόν
759 2458 790 2498 τι
807 2437 943 2517 ποιησαι
963 2439 1047 2518 βον-

91 2537 237 2620 ληθίντα
248 2544 315 2602 τῦν
333 2536 386 2622 σοὶ
404 2533 704 2620 πεπρεσβευμένων
715 2528 894 2618 τηλικαύτη
912 2532 968 2598 καὶ
979 2558 1048 2598 τοι·

91 2634 175 2720 αῦτη
197 2641 357 2754 συμφορά
370 2639 585 2722 περιβαλεῖν,
615 2628 764 2718 δῆλον”
744 2656 795 2699 οτι
817 2626 975 2697 δεινόν”
953 2657 996 2697 αν
1017 2656 1048 2696 τι

90 2743 213 2800 παθεῖν
232 2731 356 2800 σαυτόν
372 2731 558 2820 ἤλπιζες,ε
542 2735 573 2798 ί
587 2725 748 2798 πνθοινθ
763 2719 855 2796 οῦτοι
866 2727 906 2796 τά
919 2753 1048 2815 πεπρα-

88 2857 193 2915 γμενα
205 2852 265 2897 σοι

42 2951 76 3004 41
179 2935 285 2995 To6w
297 2930 464 3016 τοίνυν,”
440 2956 547 3012 ανπερ
558 2927 653 3015 ὑμεῖς
665 2954 703 2995 εν
690 2921 879 3015 φρονῆτε,
892 2926 969 2996 καθ’
981 2926 1046 2996 αύ-

88 3034 158 3095 τοῦ·
179 3024 383 3112 συμβήσεται
403 3028 510 3116 τούτῳ
533 3034 740 3112 πεπρᾶχθαι,
772 3024 813 3095 ού
833 3027 940 3113 μόνον
961 3026 1044 3095 κατὰ
1111 3094 1113 3097 .

87 3123 195 3211 τοῦθ’,
208 3122 259 3192 ότι
269 3128 476 3210 παμμέγεθες
488 3123 625 3210 σημεῖόν
636 3129 703 3191 ἐστι
714 3133 782 3191 τῦν
799 3129 1048 3212 πεπρεσβευμέ-

88 3253 174 3310 νων,
195 3223 263 3292 άλλ’
276 3223 326 3292 ότι
342 3226 397 3291 καὶ
412 3230 607 3309 κατηγοροῦν
618 3225 766 3302 ἐκείνους
771 3223 854 3345 τοῦς
865 3225 987 3344 λόγους
998 3221 1047 3291 εδ-

88 3348 149 3392 πεν
166 3330 201 3393 οἳ
216 3321 283 3390 κατ’
294 3322 404 3390 αὐτοῦ
419 3329 486 3389 νῦν
502 3319 726 3409 ὑπάρχουσιν·
756 3320 777 3392 6
790 3324 856 3410 γάρ
873 3320 982 3408 ύρίσω
1001 3323 1045 3389 σύ

87 3421 241 3509 δίκαια,“
221 3449 276 3491 οτε
290 3429 456 3510 Τίμαρχον
467 3425 604 3507 ἔκρινες,
616 3420 720 3491 ταῦτά
739 3420 972 3572 δήποηὸτμῦτα
989 3421 1044 3490 καὶ
