2340 3894
228 212 232 217 '
285 210 413 271 ΠΕΡΙ
444 210 546 271 ΤΟΥ
574 212 876 277 ΣΤΕΦΑΝΟῬ.
995 214 1057 280 193

189 376 249 473 Τῆς
259 370 320 454 δδγ
301 378 420 455 γραφῆς
437 374 479 435 ἔτι
493 376 643 437 Φιλίππου
660 380 765 450 ζῶντος
783 371 923 442 ἀποτεθεί
921 398 988 484 σης,
1011 381 1058 443 ἐπὶ

95 449 293 560 Ἀλεξάνδρου
304 453 556 556 διαδεξαμένου
524 482 580 538 την
590 450 684 540 ἀρχὴν
694 484 710 523 ο
698 453 834 563 λόγος’
819 480 877 524 εστι
868 458 972 525 Ηκαλ
956 489 977 543 η
994 467 1057 545 κρί

67 590 73 605 ,
100 559 156 615 σις.
188 533 228 614 ὦς
240 533 300 640 γάρ
312 532 445 603 ἀπέθανε
459 544 605 614 Φίλιππος
616 538 732 622 καλιὴν
743 539 879 651 φρουρὰν
891 549 922 609 οἱ
933 550 1058 627 Θηβαῖοι

98 619 347 725 τεθαρσηκότεςέ
348 618 520 704 ξίβαλον,’
507 624 595 703 ομὲν
608 617 826 727 Ἀλέξανδρος
810 654 848 705 ως
869 653 1056 711 καταφρονη-

99 699 209 781 θεὶς
176 727 229 780 τας
243 701 344 808 Θήβας
361 707 598 809 κατὲσμαψεγ,ε
585 703 646 775 εἶτα
663 704 824 811 μεταγνοὺς
835 712 935 774 ἐπὶ
894 738 934 795 τῳ
945 735 1057 814 πεπρα-

99 792 201 893 γμένρι
216 786 423 890 ἐξεχώρησε
387 816 438 870 της
448 784 590 892 Ἑλλάδος
607 788 813 872 αἰσχυνόμενος
833 796 884 857 καλ
905 789 980 858 κατὰ
999 800 1058 857 τῶν

99 853 288 956 βαρβάρωνί
289 869 469 974 στράτευσεν,
478 896 506 935 οι
499 866 566 935 δὲ’
563 881 714 976 Αθηναῖοι
723 873 827 981 καιρὸγ
836 880 911 980 ἔχειν
920 874 1058 981 ἐνόμισαν

98 960 195 1040 κρίσει
210 960 398 1065 παρρδρῦναι
413 951 481 1030 τοὺς
498 952 643 1059 προδότας
659 953 727 1033 τοὺς
744 956 800 1040 τὴν
806 955 932 1026 Ἐλλάδα
949 956 1064 1043 ἀδική-·

96 1057 225 1121 σαντας,
236 1041 288 1103 καὶ
300 1036 377 1103 υάτω
387 1036 592 1121 συνεκροτηθη
602 1065 635 1103 το
623 1035 843 1127 δικαστήριον.

185 1265 327 1342 Προῖτον
345 1261 422 1343 μὲν,
445 1283 470 1323 ω
460 1249 796 1341 ἀνδρεςἉθηυαίοι,
817 1272 886 1336 τοῖς
895 1269 989 1337 θεοῖς
1000 1257 1058 1326 εὐ-

98 1382 201 1444 χομαι
210 1363 292 1424 πᾶσι
302 1359 357 1424 καὶ
368 1356 498 1442 πάσαις,
509 1354 593 1440 ὅσην
604 1353 739 1422 εὕυοιαυ
750 1362 834 1440 ἔχων
846 1355 909 1439 ε’γώ
921 1360 1059 1422 διατελεῖ

98 1463 143 1543 τῇ
153 1481 189 1524 τε
198 1454 295 1523 πόλει
305 1456 360 1522 καὶ
372 1463 474 1522 πᾶσιν
485 1452 576 1540 ὑμῖν,
585 1452 753 1540 τοσαύτην
763 1451 906 1541 ὑπάρξαι
916 1480 972 1540 μοι
983 1451 1057 1536 παρ’
1066 1465 1118 1521 226

98 1550 198 1642 ὑμῶν
209 1559 255 1632 είς
265 1555 397 1621 τουτουὶ
408 1552 469 1621 τδν
480 1550 608 1640 ἀγῶνα,
621 1549 729 1620 ἔπειθ’
739 1549 822 1641 ὅπερ
846 1555 913 1621 ἐστὶ
924 1551 1057 1639 μάλισθ’

99 1650 189 1736 ὑπὲρ
208 1648 306 1737 ὑμῶν
318 1653 378 1719 καὶ
394 1659 452 1737 τῆς
468 1648 627 1737 ὑμετέρας
644 1648 812 1737 εὐσεβείας
829 1652 935 1718 τεκαὶ
951 1650 1058 1736 δόξης,

97 1758 201 1819 τοῦτο
213 1757 419 1835 παραστῆσαι
429 1749 507 1828 τοὺς
518 1748 622 1828 θεοὺς
632 1747 728 1835 ὑμῖν,
750 1749 795 1834 μη
812 1746 873 1815 τδυ
889 1745 1058 1816 ἀντίδικον

100 1849 298 1936 σύμβουλον
318 1848 524 1935 ποιήσασθαι
545 1851 620 1931 περὶ
641 1857 703 1916 τοῦ
722 1855 793 1925 πῶς
814 1845 951 1914 ἀκούειν
972 1844 1058 1931 ὑμᾶς

72 1951 184 2035 λίμοῦ
196 1950 250 2014 δεῖ
257 1949 422 2031 (σχέτλιον
431 1945 496 2032 γάρ
508 1943 612 2032 ἀνείη
623 1947 724 2014 τοῦτο’
737 1955 801 2033 γε),
813 1944 896 2014 ἀλλά
907 1946 986 2024 τούς
996 1945 1055 2013 υό-

97 2068 185 2133 μους
194 2046 251 2113 καὶ
260 2045 320 2112 τὸν
331 2044 446 2130 ὅρκου,
458 2049 495 2112 ἐν
505 2038 533 2135 ᾦ
543 2044 626 2129 πρὸς
636 2044 740 2112 ἀπασι
750 2058 818 2122 τοῖς
828 2044 940 2123 ἀλλοις
951 2048 1059 2112 δικαί-

97 2168 149 2223 οις
164 2144 222 2210 καὶ
238 2149 336 2210 τοῦτο
353 2146 549 2230 γέγραπται,
572 2143 608 2212 τὸ
620 2142 741 2230 ὁμοίως
752 2141 877 2229 ἀμφοῖν
889 2142 1059 2230 ἀκροάσα-

98 2251 194 2311 σθαι.
216 2249 314 2309 τοῦτο
328 2239 358 2308 δ’
374 2243 461 2309 ἐστὶν
474 2240 519 2308 οὐ
527 2242 634 2327 μόνον
643 2242 680 2310 τδ
692 2241 737 2328 μη
749 2243 1057 2325 προκατεγνωκέναι

97 2341 221 2428 μηδὲν,
245 2337 326 2408 οὐδὲ
341 2338 378 2407 τδ
389 2342 453 2426 την
464 2338 601 2408 εὔνοιαν
611 2350 687 2425 ίσην
699 2337 897 2424 ἀμφοτέροις
907 2335 1058 2403 ἀποδοῦ-

97 2466 173 2526 ναι,
195 2436 282 2508 ἀλλά
298 2441 355 2507 καλ
365 2438 402 2506 τδ
413 2446 455 2527 τῇ
466 2439 555 2520 τάξει
566 2442 672 2526 καίτῇ
683 2434 861 2522 ἀπολογία,
882 2432 926 2512 ὦς
936 2431 1060 2521 βεβού-

97 2546 196 2625 ληται
205 2540 262 2606 καὶ
273 2539 456 2626 προῄρηται
465 2547 534 2606 τῶν
553 2535 806 2624 ἀγωνιζομένων
823 2535 976 2617 ἕκαστος,
998 2529 1061 2598 06-

96 2663 163 2718 τως
174 2639 269 2705 ἐᾶσαι
278 2638 476 2725 χρήσασθαι.

71 2755 90 2810 8
184 2734 299 2805 Πολλά
322 2737 383 2823 μὲν
404 2731 469 2805 οὖν
489 2735 586 2823 ἔγωγ’
611 2740 808 2818 ἐλαττοῦμαι
823 2727 906 2798 κατά
924 2726 1058 2798 τουτουὶ

70 2909 75 2919 ,
96 2833 160 2905 τδν
172 2832 287 2920 ἀγῶνα
298 2842 475 2921 Αίσχίνου,
488 2837 550 2905 δύο
563 2833 607 2922 δ’,
627 2829 784 2918 ω’ἀυδρες
793 2828 980 2917 Ἀθηναῖοι,
1000 2830 1057 2897 καὶ

98 2931 245 3023 μεγάλα,
269 2937 307 3001 ἓν
321 2926 389 3020 μὲν
405 2934 456 3002 ὅτι
467 2933 508 3003 οὐ
520 2937 595 3019 περὶ
604 2942 673 3002 τάν
686 2944 768 3001 ίσωυ
779 2929 992 3017 ἀγωνίζομαι·
1016 2924 1065 2996 οά

97 3032 166 3120 γάρ
185 3035 275 3099 ἐστιν
292 3041 367 3100 ίσον
384 3041 449 3100 νῦν
465 3036 536 3119 ἐμοὶ
552 3041 610 3118 τῆς
626 3029 706 3117 παρ’
726 3029 823 3116 ὑμῶν
842 3027 974 3120 εὐνοίας
986 3032 1060 3095 δια-

100 3143 271 3221 μαρτεῑν
261 3132 318 3198 καὶ
337 3130 444 3220 τούτω
466 3159 510 3219 μη
535 3133 621 3199 ἑλεῖν
639 3156 702 3216 τηυ
717 3124 868 3215 γραφὴν,
891 3124 966 3194 ἀλλ’
988 3124 1060 3209 ἐμοὶ

54 3233 56 3237 ’
101 3228 201 3316 μω-
208 3254 251 3298 ου
239 3198 474 3316 ’βούλομαίδὲ
485 3229 640 3315 δυσχερὲς
652 3233 756 3295 είπείυ
767 3223 899 3294 οάδευ’
879 3221 1062 3306 αρχόμενθς

100 3328 298 3414 τοῦλόγου,
310 3318 970 3450 ουτοςδίκπεριουσίαςμουκμτηγορεῑ.
991 3315 1063 3383 ἕτε-

103 3454 167 3515 ρον
185 3427 232 3512 δ’,
254 3424 276 3496 6
294 3427 395 3514 φύσει
412 3435 515 3495 πᾶσιν
531 3424 726 3513 ἀνθρώποις
743 3421 903 3506 ὑπάρχει,
922 3440 991 3482 τωυ
1004 3415 1064 3499 μὲν

170 3525 307 3578 θεωοευλι.
332 3523 387 3583 Va),
400 3524 422 3576 1.
890 3515 931 3570 ῖς
