2340 3894
297 200 425 269 ΠΕΡΙ
455 200 557 262 ΤΟΥ
586 202 885 269 ΣΤΕΦΑΝΟΤ.
1002 205 1068 273 25³

109 356 196 428 ἀλλά
212 361 268 429 καί
285 363 322 427 αἱ
336 371 491 444 γυναῖκες
507 363 544 426 αί
558 357 713 445 ὑμέτεραι
730 363 793 448 τήν
802 363 936 449 γυναῖκ’
950 361 1066 439 αὐτοῦ.

45 455 150 532 θοεού
173 454 239 541 γάρ
261 455 398 544 ἐζήτουν
419 461 454 525 οί
473 456 543 525 τότ’
564 456 735 544 Ἀθηναῖοι
752 459 830 530 οὔτε
846 463 970 550 ῥήτορα
988 463 1067 534 ούτε

108 551 296 641 στρατηγὸν
308 553 352 623 δι’
370 553 451 623 ὅτου
463 553 704 624 δουλεύσουσιν
716 555 878 646 εὐτυχῶς,
898 559 973 628 ἀλλ’
987 560 1066 631 ούδὲ

107 660 166 740 ζήν
176 650 309 739 ήξίουν,
322 658 353 723 εί
361 653 405 740 μή
417 651 486 739 μετ’
501 657 691 738 ἐλευθερίας
701 659 826 736 ἐξέσται
835 667 934 727 τούτο
946 673 1064 727 ποιεῖν.

106 749 217 839 ήγείτο
235 749 301 836 γάρ
319 749 432 820 αὐτῶν
449 752 585 831 ἕκαστος
596 750 669 838 ούχὶ
680 762 727 843 τῷ
739 757 838 838 πατρὶ
848 758 904 823 καί
915 764 955 844 τῇ
967 759 1065 843 μητρί

106 849 214 936 μόνον
225 855 443 936 γεγενῆσθαι,
465 848 549 918 ἀλλά
562 852 668 938 καὶτή
684 857 824 939 πατρίδι.
866 855 1017 941 διαφέρει
1027 855 1064 925 δέ

105 954 153 1028 τίς
175 945 228 1015 ὅτι
244 944 263 1015 ὁ
280 946 341 1033 μέν
358 961 426 1026 τοῖς
441 957 578 1032 γονεῦσι
587 948 694 1034 μόνον
705 959 908 1037 γεγενῆσθαι
919 959 1064 1037 νομίζων

105 1042 167 1114 τὸν
182 1053 241 1132 τῆς
257 1048 453 1132 εἱμαρμένης
470 1045 594 1114 καίτόν
606 1045 794 1133 αὐτόματον
804 1048 958 1117 θάνατον
969 1073 1065 1135 περι-

87 1145 214 1231 μένει,
237 1140 255 1210 ὁ
275 1144 311 1211 δὲ
322 1147 377 1211 καί
387 1151 427 1232 τῇ
437 1148 570 1230 πατρίδι
579 1141 665 1228 ὑπὲρ
675 1153 737 1211 τοῦ
747 1142 791 1230 μή
802 1144 928 1232 ταύτην
939 1148 1070 1239 ἐπιδεῖνΙ

107 1237 337 1310 δουλεύουσαν
349 1237 580 1327 ἀποθνήσκειν
590 1243 752 1328 ἐθελήσει,
766 1245 822 1311 καὶ
833 1248 1064 1330 φοβερωτέρας

106 1335 263 1426 ήγήσεται
273 1339 332 1418 τάς
342 1338 456 1426 ὕβρεις
466 1337 589 1419 καὶτὰς
600 1337 739 1426 ἀτιμίας,
751 1337 789 1417 ἀς
805 1343 841 1408 ἐν
853 1342 1063 1430 δουλευούσῃ

106 1445 149 1526 τῇ
159 1436 253 1506 πόλει
266 1440 381 1524 φέρειν
392 1435 538 1524 ἀνάγκη,
549 1446 611 1506 τοῦ
620 1437 782 1506 θανάτου.

46 1561 101 1616 206
192 1542 236 1605 Εί
251 1536 313 1623 μὲν
328 1543 444 1605 τοίνυν
461 1533 554 1604 τοῦτ’
573 1539 765 1622 ἐπεχείρουν
784 1539 908 1620 λέγειν,
931 1532 977 1615 ὡς
996 1533 1061 1621 ἐγοδ

107 1636 301 1724 προήγαγον
312 1633 398 1721 ὑμᾶς
409 1634 482 1716 ἀξια
491 1642 560 1704 τῶν
571 1635 749 1719 προγόνων
759 1647 910 1720 φρονείν,
918 1633 980 1720 ούκ
991 1632 1061 1701 ἐσθ’

106 1732 197 1815 ὅστις
207 1731 270 1805 οὐκ
282 1729 326 1802 ἀν
337 1734 471 1813 εἰκότως
481 1733 679 1820 ἐπιτιμήσειέ
688 1759 753 1818 μοι.
786 1739 861 1799 νύν.
870 1729 902 1799 δ’
925 1733 989 1817 ἐγώ
1001 1732 1063 1818 μὲν

108 1829 265 1921 ὑμετέρας
273 1829 331 1911 τὰς
339 1824 491 1911 τοιαύτας
500 1836 705 1917 προαιρέσεις
713 1829 907 1917 ἀποφαίνω,
924 1833 980 1898 καὶ
996 1835 1065 1899 δεί-

83 1945 87 1951 “
105 1957 209 2018 κνυμι
225 1928 276 1999 ὅτι
292 1932 347 1998 καί
358 1927 423 2017 πρὸ
435 1933 518 2017 ἐμοῦ
526 1929 620 2015 τοῦτ’
631 1929 695 2017 εἶχε
705 1929 741 2000 τδ
755 1930 913 2018 φρόνημα
924 1926 944 2018 ἡ
956 1928 1063 2015 πόλις,

106 2037 165 2116 τῆς
182 2032 296 2116 μέντοι
315 2033 483 2108 διακονίαις
493 2036 552 2116 τής
562 2026 615 2116 ἐφ’
629 2031 778 2109 ἑκάστοις
790 2037 858 2097 τῶν
870 2031 1063 2116 πεπραγμέ·

44 2151 177 2206 κοτνων
197 2130 254 2199 καί
275 2134 407 2218 ἐμαυτῷ
428 2135 576 2213 μετεῖναί
594 2156 695 2214 φημι,
720 2121 817 2208 οὗτος
835 2128 871 2198 δὲ
888 2138 956 2198 τῶν
974 2127 1126 2203 ὅλωναστ

106 2228 375 2314 κατηγορεῖνκαὶ
384 2227 532 2294 κελεύων
541 2224 626 2311 ὑμᾶς
635 2228 705 2311 ἐμοὶ
713 2235 839 2310 πικρῶς
847 2233 933 2312 ἐχειν
942 2223 986 2305 ὦς
997 2226 1064 2312 ρό-

106 2334 178 2414 βων
194 2326 251 2395 καὶ
266 2324 438 2395 κινδύνων
448 2331 540 2413 αίτίμ
551 2332 591 2413 τῇ
602 2324 712 2410 πόλει,
733 2332 790 2411 τῆς
801 2329 862 2410 μέν
873 2332 918 2402 είς
929 2323 965 2391 τό
978 2348 1065 2408 παρ-

107 2422 322 2512 δντιμήςέμέ
338 2420 560 2510 ἀποστερήσω
577 2429 737 2508 γλίχεται,
760 2419 799 2490 τά
818 2420 850 2490 δ’
870 2428 915 2500 είς
933 2420 1064 2488 ἀπάντα

107 2521 169 2593 τδν
180 2524 298 2592 λοιπὸν
308 2523 433 2609 χρόνον
449 2522 594 2608 ἐγκώμια
612 2518 708 2606 ὑμῶν
728 2518 923 2606 ἀφαιρεῖται.
956 2524 988 2584 εί
997 2517 1062 2603 γάρ

108 2618 152 2702 ὥς
170 2619 213 2691 ού
226 2620 280 2701 τά.
286 2624 437 2709 βέλτιστα
454 2625 538 2709 ἐμοῦ
555 2621 836 2706 πολιτευσαμένου
851 2617 945 2686 τουδὶ
959 2641 1065 2683 κατα·

105 2729 297 2806 ψηφιεῖσθε,
306 2717 531 2807 ἡμαρτηκέναι
543 2716 712 2806 δόξετε,ού
723 2724 764 2804 τή
774 2723 832 2803 τής
842 2713 941 2802 τύχης
951 2711 1063 2799 ἀγνω-

44 2817 239 2906 ηρςμοσύνη
260 2818 298 2887 τί
323 2820 496 2905 συμβάντα
517 2829 647 2888 παθεῖν.
689 2815 763 2885 ἀλλ’
787 2812 849 2882 ούκ
871 2819 976 2898 ἐστιν,
998 2810 1062 2881 ούιι

107 2922 199 2987 ἐστιν
209 2916 485 3005 ὅπωςήμάρτετε,
502 2917 624 3003 ἀνδρες
632 2915 818 3002 Ἀθηναῖοι,
836 2910 897 2981 τὸν
907 2910 991 2997 ὑπὲρ
1004 2918 1062 2997 τῆς

106 3013 269 3087 ἁπάντων
279 3018 470 3100 ἐλευθερίας
480 3017 536 3084 καὶ
547 3022 707 3100 σωτηρίας
718 3017 880 3081 κίνδυνον
892 3009 1063 3097 ἀράμενοι,

106 3115 154 3202 μα’
172 3114 252 3195 τούς
268 3121 462 3202 Μαραθῶνι
484 3112 832 3199 προκινδυνεύσαντας
848 3118 916 3178 τῶν
937 3106 1064 3193 προγό·

107 3239 181 3282 νων
198 3210 349 3293 καὶτοὺς
369 3215 406 3281 ἐν
416 3219 596 3291 Πλαταιαῖς
613 3214 904 3298 παραταξαμένους
918 3208 974 3275 καὶ
985 3202 1065 3283 τούς

108 3314 145 3381 ἐν
160 3320 329 3398 Σαλαμῖνι
345 3311 618 3399 ναυμαχήσαντας
632 3310 688 3378 καί
706 3307 794 3386 τούςΙ
807 3304 858 3375 ἐπ’
873 3303 1064 3391 Ἀρτεμισίμ
1106 3322 1109 3327 ·

108 3413 165 3483 καὶ
181 3406 328 3491 πολλοὺς
345 3413 476 3496 ἑτέρους
491 3407 569 3489 τούς
585 3411 623 3478 ἐν
638 3421 705 3487 τοῖς
727 3408 895 3492 δημοσίοις
915 3400 1065 3489 μνήμασι
