2340 3894
141 194 184 262 σο
371 145 849 257 mmmmm

113 384 134 439 4
222 353 421 480 Ἀκριβολςί’
435 381 451 423 ε
452 352 564 438 θως,
553 380 580 421 ω
568 345 712 439 ἄνδρες
724 351 913 440 Ἀθηναῖοι,
931 377 969 420 το
957 348 1098 435 λήγειν

140 448 266 543 περί
237 482 288 523 ων
308 453 409 535 αύτὸς
430 453 502 523 εἰπέ
518 479 566 532 τις
582 454 638 521 καὶ
654 451 788 536 περὶ*
746 461 852 521 αυτοῦ
864 450 937 536 παρ’
951 449 1034 539 ὑμῖν
1044 448 1098 525 άελ

138 561 209 624 τῶν
229 552 321 622 πάνυ
345 553 610 623 λυσιτελούντων
631 565 701 630 τοίς
720 547 928 640 τολμωσιν”
908 578 966 637 ον,
989 548 1097 672 ούτως

139 652 285 741 ἡγοῦμαι
305 654 468 774 φορτικύν
489 654 544 720 καὶ
565 650 752 738 ἐπαχθὲς”
724 672 808 720 ωστε
826 678 978 738 αναγκην
989 641 1098 719 ουσαν

140 751 337 839 ὁμωνύμως
354 750 500 820 άποιιυοῖ.
534 756 656 869 νομίζω
674 750 742 818 6''‘
719 777 858 838 αμειυον
869 745 912 819 άν
923 747 1010 836 ὑμᾶς
1021 754 1096 835 περὶ
1107 763 1142 816 58

141 877 196 918 ων
203 877 270 917 νυν
280 851 346 933 ἐρῶ
356 863 478 936 κρίναι,
492 848 592 936 μιαρά
609 859 678 918 των
692 849 856 937 πρότερόν
872 874 952 917 ποτε
969 852 1097 937 ῥηθέν-

114 969 208 1018 5των
229 944 276 1018 ύπ
275 945 387 1034 ’ἐμοῦ
407 948 710 1036 μνημονεύσαντας.
744 947 809 1035 ἐγω
832 950 909 1035 γάρ,
931 975 958 1016 ω
946 941 1098 1030 ἄνδρες
1124 1017 1127 1020 ,

136 1046 330 1134 Αθηναῖοι,
342 1045 672 1170 πρῶτοννμὲν,ήνίιι’
686 1049 824 1117 ἔπειθον
834 1076 920 1128 τινες
932 1074 1018 1135 υμας
1029 1074 1097 1114 των
1125 1103 1128 1111 .

140 1146 322 1238 ένΕύβοίᾳ
332 1147 536 1234 πραγμάτων
553 1151 806 1234 ταραττομένων
822 1155 964 1235 βοηθεῖν
981 1154 1097 1215 Πλου-

139 1244 247 1335 τάρχω
268 1247 324 1314 ιιαί
346 1247 494 1333 πόλεμον
515 1246 636 1327 ἄδοξον
659 1250 713 1315 καί
731 1246 1095 1333 θαπανηρὸνάρασθαι,

139 1369 270 1428 πρωτος
287 1347 342 1413 καί
359 1345 463 1432 μόνος
480 1345 661 1431 παρελθων
679 1345 835 1416 ἀντεῖπον
853 1349 908 1416 καί
924 1347 1033 1434 μόνον
1052 1344 1095 1413 06

140 1444 350 1530 διεσπάσθην
367 1442 433 1513 ύπὸ
452 1454 522 1514 των
539 1449 591 1515 ἐπὶ
608 1461 737 1534 μικροῖς
754 1446 900 1532 λήμμασι
918 1442 1025 1513 πολλοὶ
1043 1445 1098 1512 καὶ

140 1545 267 1630 μεγάλα
278 1544 364 1630 ὑμᾶς
374 1542 792 1631 άμαρτάνεινπεισάντωυ·
811 1543 1002 1630 ιιαίχρόνου
1012 1551 1099 1629 βρα-

139 1645 213 1728 χέος
229 1643 440 1725 θιελθύντος,
462 1642 544 1730 μετά
560 1652 623 1712 τού
640 1652 846 1730 προσοφλεῖν
862 1642 1027 1729 αἰσχύνην
1043 1641 1099 1710 καὶ

140 1752 263 1810 παθεῖν
272 1740 326 1810 οἰα
336 1751 405 1811 τοῖν
417 1743 526 1812 ὅντων
544 1741 738 1829 ἀνθρώπων
748 1742 883 1822 οὐθένες
893 1742 1026 1810 πώποτε
1038 1765 1098 1809 πε-

139 1839 310 1910 πόνθασιν
328 1838 395 1910 ύπό
414 1841 546 1911 τούτων
564 1841 613 1922 οἷς
636 1843 844 1930 ἐβοήθησαν,
867 1842 989 1921 πάντες
1004 1837 1099 1927 ὑμείς

140 1941 261 2021 ἔγνωτε
277 1938 338 2025 τήυ
355 1965 390 2007 τε
408 1948 478 2008 τοῖν
493 1941 568 2011 τότε
584 1944 688 2009 ταῦτα
705 1943 894 2010 πεισάντων
911 1947 1032 2010 ιιαιιίαν
1043 1940 1099 2009 καὶ

113 2031 179 2103 6τά
189 2035 340 2121 βέλτιστα
352 2039 506 2125 εἰρηκότα
517 2041 581 2126 ἐμέ.
594 2041 825 2133 πάλιντοίνυν,
834 2033 861 2108 ά
868 2040 987 2126 ἄνδρες
995 2038 1096 2126 Ἀθη-

138 2145 237 2220 ναῑοι,
245 2134 389 2203 κατιδων
396 2139 633 2225 Νεοπτόλεμον
643 2137 703 2207 τόυ
714 2138 899 2227 ὑποκριτήν
909 2147 956 2226 τῷ
967 2139 1029 2226 μὲν
1039 2147 1099 2226 τής

110 2260 111 2266 “
139 2232 253 2321 τέχνης
270 2236 477 2323 προσχήματι
493 2237 685 2326 τυγχάνοντ’
698 2237 825 2327 άδείας,
847 2238 933 2309 κακοὶ
951 2238 983 2308 θ’
998 2243 1099 2325 ἐργα-

140 2333 280 2422 ζόμενον
294 2335 335 2403 τά
352 2337 567 2425 μέγιστα-τήν
583 2339 685 2408 πόλιν
700 2341 756 2408 ιιαί
766 2342 807 2408 τὰ
817 2336 893 2424 παρ’
907 2335 1003 2423 ύμοῐυ
1014 2344 1100 2407 διοι-

140 2443 268 2504 κοῦντα
280 2443 432 2527 Φιλίππῳ
449 2439 505 2507 καί
522 2437 792 2524 πρυτανεύοντα,
810 2435 992 2525 παρελθών
1003 2435 1100 2504 εἰπον

113 2554 130 2614 7
141 2541 187 2614 εἰς
195 2533 293 2623 ὑμᾶς,
305 2535 462 2623 οὐδεμιᾶς
472 2543 556 2616 ἰδίας
568 2535 634 2624 οὔτ’
648 2543 770 2624 ἔχθρας
782 2537 860 2607 οὔτε
872 2541 1100 2622 συκοφαντίας

139 2633 264 2719 ἕνεκεν,
274 2631 318 2712 ως
329 2637 365 2702 ἐκ
376 2642 444 2702 τῶν
450 2634 536 2720 μετὰ
547 2644 651 2704 ταῦτα
662 2643 771 2722 ἔργων
779 2641 896 2723 γέγονε
906 2642 1019 2723 δήλου.
1042 2638 1100 2702 ιιαί

136 2729 242 2799 οὐκέτ’
256 2735 293 2800 ἐν
309 2732 441 2812 τούτοις
459 2734 649 2820 αἰτιάσομαι
666 2736 745 2814 τούς
761 2733 845 2819 ὑπὲρ
858 2737 1100 2818 Νεοπτολέμσυ

135 2929 172 2995 ἐν
182 2928 355 2998 Διονύσου
365 2929 558 3019 τραγῳδούς
569 2933 774 3019 ἐθεάσασθε,
785 2932 870 3003 α’λλοί
881 2931 925 3020 μή
938 2934 1014 3015 περί
1028 2949 1099 2999 σω-

135 3032 248 3112 τηρίας
265 3029 320 3095 καὶ
333 3037 458 3098 κοινῶν
475 3031 679 3118 πραγμάτων
689 3026 734 3155 ήν
747 3031 764 3102 ὁ
775 3032 890 3118 λύγος,
904 3029 966 3098 ούιι
978 3027 1023 3097 άυ
1034 3028 1099 3098 ού-

135 3148 198 3205 τως
209 3123 271 3193 ούτ
269 3122 421 3196 ’ἐκείνου
431 3127 517 3212 πρὸς
526 3155 627 3218 χαριν
637 3157 699 3200 ουτ
698 3129 801 3218 ’ἐμοῦ
818 3131 902 3218 πρὸς
913 3129 1097 3214 ἀπέχθειαν

109 3221 308 3346 θήκούσοιτε.
341 3233 448 3297 καιτοι
468 3230 568 3298 τοῦτό
589 3229 617 3316 γ’
638 3227 726 3316 ὑμᾶς
747 3229 837 3317 οἰμαι
857 3237 924 3298 νῦν
939 3226 1097 3307 ἅπαντας

136 3319 348 3412 ησθησθαι,
328 3351 380 3395 οτι
389 3312 514 3412 τήυτότ
513 3325 645 3413 ’άφιξιν
656 3333 701 3408 εἰς
706 3329 912 3420 τονςπολεμ
910 3353 970 3406 ους
980 3328 1097 3414 ἐποιή-

136 3445 214 3493 σατο
227 3423 311 3510 ύπίρ
322 3433 384 3494 τοῦ
394 3418 626 3515 τάκείχρήματ
623 3426 866 3536 ’ὀφειλόμενα,
879 3425 1017 3522 ωςέφη,
1034 3455 1096 3500 τιο-
1108 3445 1142 3500 59
