2340 3894
103 207 170 273 194
213 275 217 280 ,
307 193 403 266 xvl'n.
440 203 862 268 ΔΗΜΟΣΘΕΝΟῬΣ

106 372 285 455 λοιδοριῶν
300 366 356 433 καὶ
377 371 445 432 τοῖν
466 370 674 449 κατηγοριῶν
694 360 831 433 ἀκούειν
851 364 974 454 ἡδέως,
994 378 1063 444 τοῖς

79 469 280 542 ςίτιαινούσι
296 462 328 531 δ’
346 459 468 541 αύτούς
483 459 667 545 ἀχθεσδαι·
688 463 820 531 τούτων
835 471 954 533 τοίνυν
971 462 1064 550 δμέν

105 560 421 651 ἐστιτρδςὴδονὴν,
442 559 550 647 τούτῳ
563 563 710 643 δέδοται,
732 557 754 628 δ
770 561 806 630 δὲ
817 568 919 630 πᾶσιν
931 559 1064 642 ὦςὲτεος

105 668 209 731 είαεῖν
231 664 372 746 ἐνοχλεῖ,
395 654 516 726 λοιτὸν
536 658 619 742 ἐμοί.
653 653 718 725 κάν
738 657 799 744 μὲν
816 657 1064 747 εὐλαβούμενος

103 770 202 830 τοῦτο
213 758 257 846 μὴ
269 761 353 844 λέγω
363 754 403 825 τά
414 755 628 840 πεπραγμένα
638 758 786 845 ἐμαυτῷ,
804 753 868 826 ούκ
879 763 966 844 ἔχειν
976 756 1064 825 ἀτο-

104 860 274 928 λύοασδαι
284 854 324 924 τά
337 854 586 938 κατηγορημένα
598 854 685 932 δόξω
696 853 772 922 οὐδ’
786 852 841 940 ἐφ’
853 851 903 934 οἷς
920 854 1003 936 ἀξιοῖ
1013 882 1063 924 τι-

104 966 232 1045 μᾶσθαι
250 953 436 1024 δεικνύναι·
460 948 520 1018 ἐάν
536 949 569 1018 δ’
588 949 643 1037 ἐφ’
664 950 750 1021 δὲκαὶ
760 961 923 1039 πεποίηκα
934 956 991 1022 κοιλ
1002 978 1062 1021 τιε-

104 1060 297 1138 ττολίτευμαι
307 1054 443 1139 βαδίζω,
466 1047 623 1127 πολλάκις
633 1051 744 1135 λέγειν
759 1049 1061 1138 ἀναγκασθήσομαι

104 1155 180 1236 τερλ
203 1152 358 1236 ἐμαυτοῦ.
402 1147 601 1233 πειράσομαι
622 1146 684 1233 μὲν
704 1140 770 1215 ούν
793 1145 837 1226 ὥς
857 1148 1061 1236 μετριώτατα
1070 1165 1104 1222 2²¹

105 1256 202 1332 τοῦτο
224 1262 347 1316 ποιεῖν·
371 1245 391 1316 ὅ
409 1273 442 1315 τι
462 1243 494 1315 δ’
512 1241 608 1314 ἀντδ
628 1253 764 1331 πρᾶγμα
780 1244 862 1315 αύτδ
879 1245 1059 1334 ἀναγκύζη,

102 1349 226 1417 τούτου
241 1347 305 1433 τὴν
320 1351 429 1413 αἰτίαν
447 1336 548 1422 ούτύς
564 1347 633 1412 ἐστι
644 1348 769 1423 δίκαιος
779 1350 865 1431 ἔχειν
876 1342 894 1414 ὁ
904 1356 1060 1415 τοιοῦτον

50 1487 53 1492 ·
103 1443 477 1532 ἀγοίναένστηοάμενος.

77 1658 94 1710 5
190 1640 289 1731 Οἶμαι
306 1636 338 1707 δ’
360 1636 464 1726 ύμάς,
488 1631 653 1726 ύάνδρες
666 1637 854 1726 Ἀθηναῖοι,
875 1633 1060 1719 ιιάυταςάν

102 1737 306 1826 ὁμολογῆσαι
316 1737 432 1807 κοινὸν
443 1735 527 1805 εἶναι
537 1742 669 1807 τουτονί
679 1737 741 1806 τδν
749 1737 864 1824 ἀγωνα
875 1740 952 1824 ἐμοί
958 1739 1059 1807 τεκαὶ

9 1895 12 1900 .
102 1843 317 1922 Κτησιφῶντι
326 1837 381 1903 καὶ
392 1832 495 1904 οὐδὲν
504 1836 678 1915 ἐλάττονος
694 1836 787 1917 ἀξιον
804 1841 954 1924 σπουδῆς
971 1841 1056 1924 ἐμοί·

101 1935 239 2002 πάντων
255 1936 317 2018 μὲν
332 1931 397 2018 γάρ
414 1931 670 2020 ἀποστερεῖσθαι
686 1935 839 2021 λυπηρόν
854 1938 922 2002 ἐστι
933 1937 1059 2021 καλχα-

101 2028 220 2114 λεττύν,
243 2029 350 2109 ἄλλως
367 2054 403 2097 τε
420 2025 484 2097 κάν
501 2027 561 2097 ἀπ’
574 2034 755 2121 ἐγδρούτω
766 2038 866 2101 τούτο
878 2039 1057 2120 συμβαίνῃ,

101 2127 242 2215 μάλιστα
253 2127 289 2195 δὲ
299 2133 357 2213 τῆς
368 2125 447 2212 παρ’
460 2127 557 2214 ὑμῶν
569 2127 700 2209 εύνοίας
717 2133 773 2198 καί
790 2138 1057 2217 φιλανθρωπίας,

73 2224 232 2317 δύσριπερ
255 2229 311 2296 καί
339 2223 376 2296 τὰ
395 2242 506 2313 τυχεῖν
521 2229 652 2298 τούτων
672 2229 828 2315 μέγιστόν
848 2232 945 2298 ἐστιν.
983 2232 1058 2315 περὶ

99 2321 299 2394 τούτωνδ’
288 2322 385 2404 ουτος
394 2329 531 2397 τουτονὶ
541 2353 604 2395 τον
615 2327 804 2413 αγωνος,
783 2326 864 2407 ἀξιω
875 2329 931 2396 καὶ
941 2332 1057 2417 δεομαι

99 2424 235 2491 πάντων
252 2419 408 2509 ὁμοίως’
388 2449 486 2511 υμων
502 2423 646 2494 ἀκοῦσαί
659 2452 726 2511 μου
742 2427 818 2511 περὶ
834 2453 902 2494 των
912 2453 1056 2525 κατηγο-

100 2519 538 2608 ρημίνωνάττολογουμίνου
549 2530 697 2611 δικαίως,
723 2524 835 2610 οἵσπερ
847 2527 989 2613 οίνομοι
1000 2553 1056 2596 ιιε-

98 2620 274 2704 λεύουσιν,
297 2616 357 2696 οὓς
377 2616 394 2687 ὁ
417 2623 521 2700 τιθείς
542 2621 610 2701 ἐξ’
589 2631 691 2709 αρχῆς
708 2624 847 2706 Σόλων,
868 2622 992 2704 εὔνους
1009 2651 1056 2693 ων

98 2713 179 2800 ὑμῖν
189 2717 245 2783 καὶ
255 2714 501 2801 δημοτικὸς,’
462 2743 504 2784 ου
513 2719 620 2803 μόνον
629 2746 675 2808 τηε
663 2721 813 2808 γράψαι
823 2724 1003 2815 κυρίους”
976 2749 1055 2792 ωετο

99 2816 170 2880 δεῖν
181 2811 282 2892 εἶναι,
304 2810 387 2880 ἀλλά
404 2816 459 2883 καί
475 2823 521 2904 τῷ
532 2815 611 2896 τούς
621 2819 843 2902 δικάζοντας
823 2828 910 2907 υμᾶς
922 2819 1055 2909 ὀμωμο-

74 2911 210 2991 γιιέναι,
233 2933 297 2977 ουκ
308 2906 458 2979 αττιστωυ
469 2927 565 3001 υμιν
589 2914 666 3003 ύςγ
669 2915 769 3004 ’ἐμοὶ
787 2926 957 3006 φαίνεται,
980 2915 1054 2990 ἀλλ’

98 3033 189 3092 ορων
199 3032 251 3075 οτι
262 3032 320 3086 τας
331 3013 399 3077 αί
365 3015 436 3089 ας
446 3010 549 3080 καί
511 3039 570 3092 τοις
581 3014 799 3101 διαβολας,
799 3012 881 3095 ὶςέκ
897 3026 961 3086 τού
972 3015 1055 3104 πρύ-

97 3130 192 3193 τερος
201 3103 335 3188 λέγειν’
319 3131 337 3172 ο
349 3108 481 3177 διύκων
492 3111 654 3200 ίσχύει,’
615 3139 677 3181 ουκ
686 3119 790 3186 ἔνι
744 3140 791 3206 τῳ
801 3117 963 3202 φεύγοντι
970 3142 1055 3236 τιαρ-

99 3214 265 3289 ελθεῖν,ε
249 3209 281 3270 εί
294 3204 340 3289 μη
356 3231 425 3273 των
436 3212 667 3293 δικαζόντωυ”
648 3212 889 3300 εκαστοςύμωυ
899 3213 962 3299 τὴν
972 3216 1054 3301 τρδς

98 3301 177 3385 τούς
193 3299 298 3381 θεούς
314 3300 487 3390 εὐσέβειαν
505 3309 848 3396 διαφυλάττωνιιαδ
811 3339 851 3380 τα
863 3339 925 3381 του
909 3319 1052 3401 λέγον-

97 3427 154 3480 τος
171 3398 312 3485 ὑστέρον
331 3405 440 3471 δίκαια
455 3404 852 3497 εύνοῖιιωςιτροσδίξεται,
874 3415 930 3481 καὶ
942 3438 1051 3504 παρα-
