<?xml version="1.0" encoding="UTF-8"?>
<!DOCTYPE html PUBLIC "-//W3C//DTD XHTML 1.0 Transitional//EN"
    "http://www.w3.org/TR/xhtml1/DTD/xhtml1-transitional.dtd">
<html xmlns="http://www.w3.org/1999/xhtml" xml:lang="en" lang="en">
 <head>
  <title>
</title>
<meta http-equiv="Content-Type" content="text/html;charset=utf-8" />
  <meta name='ocr-system' content='tesseract 3.04.00' />
  <meta name='ocr-capabilities' content='ocr_page ocr_carea ocr_par ocr_line ocrx_word'/>
</head>
<body>
  <div class='ocr_page' id='page_1' title='image "./orationesexrece03demogoog_0185.png"; bbox 0 0 2356 3870; ppageno 0'>
   <div class='ocr_carea' id='block_1_1' title="bbox 148 152 867 269">
    <p class='ocr_par' dir='ltr' id='par_1_1' title="bbox 148 152 867 269">
     <span class='ocr_line' id='line_1_1' title="bbox 148 152 867 269; baseline -0.01 0"><span class='ocrx_word' id='word_1_1' title='bbox 148 152 191 269; x_wconf 74' lang='grc' dir='ltr'><em>τι</em></span> <span class='ocrx_word' id='word_1_2' title='bbox 374 200 867 265; x_wconf 69' lang='grc' dir='ltr'><em>ν.·ΔΗαοΣουνο-νε</em></span> 
     </span>
    </p>
   </div>
   <div class='ocr_carea' id='block_1_2' title="bbox 47 357 1148 3512">
    <p class='ocr_par' dir='ltr' id='par_1_2' title="bbox 148 357 1112 646">
     <span class='ocr_line' id='line_1_2' title="bbox 150 357 1112 449; baseline -0.003 -17"><span class='ocrx_word' id='word_1_3' title='bbox 150 369 181 432; x_wconf 91' lang='grc' dir='ltr'><em>εί</em></span> <span class='ocrx_word' id='word_1_4' title='bbox 194 361 259 448; x_wconf 82' lang='grc' dir='ltr'><em>γάρ</em></span> <span class='ocrx_word' id='word_1_5' title='bbox 275 360 320 449; x_wconf 82' lang='grc' dir='ltr'><em>μὴ</em></span> <span class='ocrx_word' id='word_1_6' title='bbox 337 369 490 448; x_wconf 70' lang='grc' dir='ltr'><em>παρῆλθε</em></span> <span class='ocrx_word' id='word_1_7' title='bbox 507 368 686 447; x_wconf 83' lang='grc' dir='ltr'><em>Φίλιππος,</em></span> <span class='ocrx_word' id='word_1_8' title='bbox 708 359 809 429; x_wconf 77' lang='grc' dir='ltr'><em>οὐδὲν</em></span> <span class='ocrx_word' id='word_1_9' title='bbox 819 357 862 428; x_wconf 82' lang='grc' dir='ltr'><em>άν</em></span> <span class='ocrx_word' id='word_1_10' title='bbox 872 358 988 439; x_wconf 76' lang='grc' dir='ltr'><em>αὐτοῖς</em></span> <span class='ocrx_word' id='word_1_11' title='bbox 997 359 1112 429; x_wconf 75' lang='grc' dir='ltr'><em>ἐδόκει</em></span> 
     </span>
     <span class='ocr_line' id='line_1_3' title="bbox 151 458 1110 550; baseline -0.002 -21"><span class='ocrx_word' id='word_1_12' title='bbox 151 463 252 529; x_wconf 85' lang='grc' dir='ltr'><em>πλέον</em></span> <span class='ocrx_word' id='word_1_13' title='bbox 273 459 366 528; x_wconf 75' lang='grc' dir='ltr'><em>εἶναι.</em></span> <span class='ocrx_word' id='word_1_14' title='bbox 406 468 511 527; x_wconf 76' lang='grc' dir='ltr'><em>ταῦτα</em></span> <span class='ocrx_word' id='word_1_15' title='bbox 532 458 565 527; x_wconf 88' lang='grc' dir='ltr'><em>δ’</em></span> <span class='ocrx_word' id='word_1_16' title='bbox 577 459 641 528; x_wconf 81' lang='grc' dir='ltr'><em>οὐκ</em></span> <span class='ocrx_word' id='word_1_17' title='bbox 665 459 854 547; x_wconf 74' lang='grc' dir='ltr'><em>ἐβούλοντο,</em></span> <span class='ocrx_word' id='word_1_18' title='bbox 876 460 960 528; x_wconf 83' lang='grc' dir='ltr'><em>άλλοὶ</em></span> <span class='ocrx_word' id='word_1_19' title='bbox 980 468 1029 550; x_wconf 76' lang='grc' dir='ltr'><em>τῷ</em></span> <span class='ocrx_word' id='word_1_20' title='bbox 1046 459 1110 528; x_wconf 78' lang='grc' dir='ltr'><em>τὸν</em></span> 
     </span>
     <span class='ocr_line' id='line_1_4' title="bbox 148 556 1109 646; baseline -0.004 -17"><span class='ocrx_word' id='word_1_21' title='bbox 148 557 346 646; x_wconf 80' lang='grc' dir='ltr'><em>Ὀρχομενὸν</em></span> <span class='ocrx_word' id='word_1_22' title='bbox 361 563 417 627; x_wconf 91' lang='grc' dir='ltr'><em>καὶ</em></span> <span class='ocrx_word' id='word_1_23' title='bbox 433 556 495 645; x_wconf 78' lang='grc' dir='ltr'><em>τὴν</em></span> <span class='ocrx_word' id='word_1_24' title='bbox 509 559 704 644; x_wconf 71' lang='grc' dir='ltr'><em>Κορώνειαν</em></span> <span class='ocrx_word' id='word_1_25' title='bbox 719 566 834 646; x_wconf 71' lang='grc' dir='ltr'><em>λαβεῖν</em></span> <span class='ocrx_word' id='word_1_26' title='bbox 851 561 1039 645; x_wconf 77' lang='grc' dir='ltr'><em>έπνδνμείν,</em></span> <span class='ocrx_word' id='word_1_27' title='bbox 1062 556 1109 645; x_wconf 71' lang='grc' dir='ltr'><em>με)</em></span> 
     </span>
    </p>

    <p class='ocr_par' dir='ltr' id='par_1_3' title="bbox 108 653 1110 1335">
     <span class='ocr_line' id='line_1_5' title="bbox 108 653 1110 742; baseline -0.007 -11"><span class='ocrx_word' id='word_1_28' title='bbox 108 676 143 730; x_wconf 74' lang='grc'><em>22</em></span> <span class='ocrx_word' id='word_1_29' title='bbox 153 658 322 727; x_wconf 76' lang='grc' dir='ltr'><em>δύνασθαι</em></span> <span class='ocrx_word' id='word_1_30' title='bbox 333 657 385 742; x_wconf 74' lang='grc' dir='ltr'><em>δὲ,</em></span> <span class='ocrx_word' id='word_1_31' title='bbox 403 656 512 741; x_wconf 85' lang='grc' dir='ltr'><em>πάντα</em></span> <span class='ocrx_word' id='word_1_32' title='bbox 522 654 619 723; x_wconf 66' lang='grc' dir='ltr'><em>ταῦθῘ</em></span> <span class='ocrx_word' id='word_1_33' title='bbox 633 653 824 742; x_wconf 79' lang='grc' dir='ltr'><em>ὑπέμειναν.</em></span> <span class='ocrx_word' id='word_1_34' title='bbox 859 664 1110 725; x_wconf 64' lang='grc' dir='ltr'><em>Φίλλπποντοί-</em></span> 
     </span>
     <span class='ocr_line' id='line_1_6' title="bbox 151 751 1108 842; baseline -0.003 -17"><span class='ocrx_word' id='word_1_35' title='bbox 151 757 313 834; x_wconf 77' lang='grc' dir='ltr'><em>ννντινὶς</em></span> <span class='ocrx_word' id='word_1_36' title='bbox 325 755 386 841; x_wconf 78' lang='grc' dir='ltr'><em>μὶν</em></span> <span class='ocrx_word' id='word_1_37' title='bbox 398 755 506 840; x_wconf 83' lang='grc' dir='ltr'><em>δήπου</em></span> <span class='ocrx_word' id='word_1_38' title='bbox 516 762 661 840; x_wconf 88' lang='grc' dir='ltr'><em>τολμῶσι</em></span> <span class='ocrx_word' id='word_1_39' title='bbox 677 756 787 839; x_wconf 89' lang='grc' dir='ltr'><em>λέγειν</em></span> <span class='ocrx_word' id='word_1_40' title='bbox 805 751 849 833; x_wconf 82' lang='grc' dir='ltr'><em>ῶς</em></span> <span class='ocrx_word' id='word_1_41' title='bbox 860 751 932 823; x_wconf 81' lang='grc' dir='ltr'><em>οὐδ</em></span> <span class='ocrx_word' id='word_1_42' title='bbox 948 752 1108 842; x_wconf 76' lang='grc' dir='ltr'><em>ἐβούλετο</em></span> 
     </span>
     <span class='ocr_line' id='line_1_7' title="bbox 151 849 1105 942; baseline 0 -21"><span class='ocrx_word' id='word_1_43' title='bbox 151 860 307 942; x_wconf 81' lang='grc' dir='ltr'><em>Θηβαίοις</em></span> <span class='ocrx_word' id='word_1_44' title='bbox 313 849 514 938; x_wconf 80' lang='grc' dir='ltr'><em>Ὀρχομενὸν</em></span> <span class='ocrx_word' id='word_1_45' title='bbox 525 854 579 920; x_wconf 91' lang='grc' dir='ltr'><em>καὶ</em></span> <span class='ocrx_word' id='word_1_46' title='bbox 590 854 786 938; x_wconf 74' lang='grc' dir='ltr'><em>Κορώνειαν</em></span> <span class='ocrx_word' id='word_1_47' title='bbox 797 858 1022 940; x_wconf 80' lang='grc' dir='ltr'><em>παραδοῦναι,</em></span> <span class='ocrx_word' id='word_1_48' title='bbox 1034 851 1105 922; x_wconf 71' lang='grc' dir='ltr'><em>ἀλλ’</em></span> 
     </span>
     <span class='ocr_line' id='line_1_8' title="bbox 149 949 1110 1040; baseline 0 -19"><span class='ocrx_word' id='word_1_49' title='bbox 149 951 363 1040; x_wconf 73' lang='grc' dir='ltr'><em>ἠναγκάσθη·</em></span> <span class='ocrx_word' id='word_1_50' title='bbox 385 949 450 1034; x_wconf 80' lang='grc' dir='ltr'><em>έγοὶ</em></span> <span class='ocrx_word' id='word_1_51' title='bbox 467 953 502 1018; x_wconf 77' lang='grc' dir='ltr'><em>δὲ</em></span> <span class='ocrx_word' id='word_1_52' title='bbox 516 951 646 1030; x_wconf 82' lang='grc' dir='ltr'><strong><em>τούτοις</em></strong></span> <span class='ocrx_word' id='word_1_53' title='bbox 661 951 903 1038; x_wconf 67' lang='grc' dir='ltr'><em>μὶνέρρῶσδαι</em></span> <span class='ocrx_word' id='word_1_54' title='bbox 913 956 1008 1040; x_wconf 85' lang='grc' dir='ltr'><em>λέγω,</em></span> <span class='ocrx_word' id='word_1_55' title='bbox 1022 952 1110 1021; x_wconf 69' lang='grc' dir='ltr'><em>διιεί-</em></span> 
     </span>
     <span class='ocr_line' id='line_1_9' title="bbox 149 1047 1110 1143; baseline -0.002 -23"><span class='ocrx_word' id='word_1_56' title='bbox 149 1078 189 1120; x_wconf 90' lang='grc' dir='ltr'><em>νο</em></span> <span class='ocrx_word' id='word_1_57' title='bbox 201 1050 238 1119; x_wconf 83' lang='grc' dir='ltr'><em>δὶ</em></span> <span class='ocrx_word' id='word_1_58' title='bbox 259 1047 335 1133; x_wconf 83' lang='grc' dir='ltr'><em>οἷδ’,</em></span> <span class='ocrx_word' id='word_1_59' title='bbox 348 1048 400 1116; x_wconf 81' lang='grc' dir='ltr'><em>ὅτι</em></span> <span class='ocrx_word' id='word_1_60' title='bbox 416 1047 458 1117; x_wconf 82' lang='grc' dir='ltr'><em>οὐ</em></span> <span class='ocrx_word' id='word_1_61' title='bbox 471 1050 600 1136; x_wconf 78' lang='grc' dir='ltr'><em>μᾶλλόν</em></span> <span class='ocrx_word' id='word_1_62' title='bbox 615 1076 654 1135; x_wconf 94' lang='grc' dir='ltr'><em>γε</em></span> <span class='ocrx_word' id='word_1_63' title='bbox 670 1050 760 1118; x_wconf 79' lang='grc' dir='ltr'><em>ταῦτ’</em></span> <span class='ocrx_word' id='word_1_64' title='bbox 772 1058 888 1138; x_wconf 73' lang='grc' dir='ltr'><em>ἔμελεν</em></span> <span class='ocrx_word' id='word_1_65' title='bbox 906 1050 997 1143; x_wconf 79' lang='grc' dir='ltr'><em>αὐτῷ</em></span> <span class='ocrx_word' id='word_1_66' title='bbox 1014 1047 1040 1138; x_wconf 75' lang='grc' dir='ltr'><strong><em>ἢ</em></strong></span> <span class='ocrx_word' id='word_1_67' title='bbox 1048 1048 1110 1131; x_wconf 86' lang='grc' dir='ltr'><em>τοὶς</em></span> 
     </span>
     <span class='ocr_line' id='line_1_10' title="bbox 141 1148 1108 1236; baseline 0 -20"><span class='ocrx_word' id='word_1_68' title='bbox 141 1148 322 1234; x_wconf 69' lang='grc' dir='ltr'><em>’παρόδους</em></span> <span class='ocrx_word' id='word_1_69' title='bbox 333 1156 448 1234; x_wconf 77' lang='grc' dir='ltr'><em>λαβεῖν</em></span> <span class='ocrx_word' id='word_1_70' title='bbox 464 1148 619 1234; x_wconf 80' lang='grc' dir='ltr'><em>ἐβούλετο</em></span> <span class='ocrx_word' id='word_1_71' title='bbox 630 1151 686 1217; x_wconf 92' lang='grc' dir='ltr'><em>καὶ</em></span> <span class='ocrx_word' id='word_1_72' title='bbox 696 1149 758 1235; x_wconf 75' lang='grc' dir='ltr'><em>τὴν</em></span> <span class='ocrx_word' id='word_1_73' title='bbox 775 1150 876 1230; x_wconf 75' lang='grc' dir='ltr'><em>δόξαν</em></span> <span class='ocrx_word' id='word_1_74' title='bbox 885 1158 948 1218; x_wconf 79' lang='grc' dir='ltr'><em>τοῦ</em></span> <span class='ocrx_word' id='word_1_75' title='bbox 958 1153 1108 1236; x_wconf 82' lang='grc' dir='ltr'><em>πολέμου</em></span> 
     </span>
     <span class='ocr_line' id='line_1_11' title="bbox 151 1244 1109 1335; baseline 0.001 -20"><span class='ocrx_word' id='word_1_76' title='bbox 151 1255 214 1317; x_wconf 85' lang='grc' dir='ltr'><em>τοῶ</em></span> <span class='ocrx_word' id='word_1_77' title='bbox 229 1251 341 1315; x_wconf 79' lang='grc' dir='ltr'><em>δοκείν</em></span> <span class='ocrx_word' id='word_1_78' title='bbox 360 1244 397 1314; x_wconf 87' lang='grc' dir='ltr'><em>δι’</em></span> <span class='ocrx_word' id='word_1_79' title='bbox 412 1244 518 1315; x_wconf 79' lang='grc' dir='ltr'><em>αὐτὸν</em></span> <span class='ocrx_word' id='word_1_80' title='bbox 534 1255 646 1327; x_wconf 89' lang='grc' dir='ltr'><em>κρίσιν</em></span> <span class='ocrx_word' id='word_1_81' title='bbox 657 1251 845 1335; x_wconf 82' lang='grc' dir='ltr'><em>εἰληφέναι,</em></span> <span class='ocrx_word' id='word_1_82' title='bbox 867 1252 923 1327; x_wconf 86' lang='grc' dir='ltr'><em>καὶ</em></span> <span class='ocrx_word' id='word_1_83' title='bbox 939 1248 979 1318; x_wconf 84' lang='grc' dir='ltr'><em>τά</em></span> <span class='ocrx_word' id='word_1_84' title='bbox 990 1250 1109 1317; x_wconf 75' lang='grc' dir='ltr'><em>Πύθια</em></span> 
     </span>
    </p>

    <p class='ocr_par' dir='ltr' id='par_1_4' title="bbox 108 1340 1148 1828">
     <span class='ocr_line' id='line_1_12' title="bbox 108 1340 1111 1434; baseline -0.001 -16"><span class='ocrx_word' id='word_1_85' title='bbox 108 1355 264 1418; x_wconf 69' lang='grc' dir='ltr'><em>λὸδείναι</em></span> <span class='ocrx_word' id='word_1_86' title='bbox 275 1344 313 1414; x_wconf 87' lang='grc' dir='ltr'><em>δι’</em></span> <span class='ocrx_word' id='word_1_87' title='bbox 326 1344 446 1414; x_wconf 76' lang='grc' dir='ltr'><em>αὑτοῦ·</em></span> <span class='ocrx_word' id='word_1_88' title='bbox 458 1349 513 1415; x_wconf 85' lang='grc' dir='ltr'><em>καὶ</em></span> <span class='ocrx_word' id='word_1_89' title='bbox 523 1345 612 1415; x_wconf 83' lang='grc' dir='ltr'><em>ταῦτ’</em></span> <span class='ocrx_word' id='word_1_90' title='bbox 619 1340 664 1434; x_wconf 79' lang='grc' dir='ltr'><em>ἦν</em></span> <span class='ocrx_word' id='word_1_91' title='bbox 675 1340 852 1434; x_wconf 79' lang='grc' dir='ltr'><em>ῶνμάλισέ</em></span> <span class='ocrx_word' id='word_1_92' title='bbox 861 1353 1009 1434; x_wconf 79' lang='grc' dir='ltr'><em>ἐγλίχετο</em></span> <span class='ocrx_word' id='word_1_93' title='bbox 1025 1357 1111 1416; x_wconf 78' lang='grc' dir='ltr'><em>Θετ-</em></span> 
     </span>
     <span class='ocr_line' id='line_1_13' title="bbox 150 1443 1111 1533; baseline 0.001 -20"><span class='ocrx_word' id='word_1_94' title='bbox 150 1449 243 1515; x_wconf 92' lang='grc' dir='ltr'><em>ταλοὶ</em></span> <span class='ocrx_word' id='word_1_95' title='bbox 254 1451 291 1514; x_wconf 89' lang='grc' dir='ltr'><em>δέ</em></span> <span class='ocrx_word' id='word_1_96' title='bbox 297 1472 336 1532; x_wconf 89' lang='grc' dir='ltr'><em>γε</em></span> <span class='ocrx_word' id='word_1_97' title='bbox 348 1443 492 1531; x_wconf 77' lang='grc' dir='ltr'><em>οὐδέτερ’</em></span> <span class='ocrx_word' id='word_1_98' title='bbox 509 1445 689 1532; x_wconf 80' lang='grc' dir='ltr'><em>ἐβούλοντο</em></span> <span class='ocrx_word' id='word_1_99' title='bbox 701 1446 840 1529; x_wconf 83' lang='grc' dir='ltr'><em>τούτων,</em></span> <span class='ocrx_word' id='word_1_100' title='bbox 851 1447 929 1514; x_wconf 78' lang='grc' dir='ltr'><em>οὔτε</em></span> <span class='ocrx_word' id='word_1_101' title='bbox 940 1452 1111 1533; x_wconf 80' lang='grc' dir='ltr'><em>Θηβαίους</em></span> 
     </span>
     <span class='ocr_line' id='line_1_14' title="bbox 150 1542 1124 1631; baseline 0 -18"><span class='ocrx_word' id='word_1_102' title='bbox 150 1544 227 1614; x_wconf 73' lang='grc' dir='ltr'><em>οὔτε</em></span> <span class='ocrx_word' id='word_1_103' title='bbox 238 1545 298 1615; x_wconf 89' lang='grc' dir='ltr'><em>τόν</em></span> <span class='ocrx_word' id='word_1_104' title='bbox 309 1554 476 1615; x_wconf 84' lang='grc' dir='ltr'><em>Φίλιππον</em></span> <span class='ocrx_word' id='word_1_105' title='bbox 487 1547 592 1630; x_wconf 91' lang='grc' dir='ltr'><em>μέγαν</em></span> <span class='ocrx_word' id='word_1_106' title='bbox 611 1552 790 1630; x_wconf 77' lang='grc' dir='ltr'><em>γίγνεσθαι</em></span> <span class='ocrx_word' id='word_1_107' title='bbox 806 1553 923 1631; x_wconf 85' lang='grc' dir='ltr'><em>(ταῶια</em></span> <span class='ocrx_word' id='word_1_108' title='bbox 933 1543 999 1630; x_wconf 82' lang='grc' dir='ltr'><em>γάρ</em></span> <span class='ocrx_word' id='word_1_109' title='bbox 1010 1542 1107 1613; x_wconf 82' lang='grc' dir='ltr'><em>πάντ’</em></span> <span class='ocrx_word' id='word_1_110' title='bbox 1120 1567 1124 1575; x_wconf 77' lang='grc'><strong>“</strong></span> 
     </span>
     <span class='ocr_line' id='line_1_15' title="bbox 149 1641 1110 1730; baseline -0.001 -18"><span class='ocrx_word' id='word_1_111' title='bbox 149 1642 199 1730; x_wconf 72' lang='grc' dir='ltr'><em>ἐφ’</em></span> <span class='ocrx_word' id='word_1_112' title='bbox 213 1642 352 1722; x_wconf 81' lang='grc' dir='ltr'><em>ἑαυτοδς</em></span> <span class='ocrx_word' id='word_1_113' title='bbox 361 1641 507 1730; x_wconf 78' lang='grc' dir='ltr'><em>ἧγοῦντο</em></span> <span class='ocrx_word' id='word_1_114' title='bbox 519 1641 628 1728; x_wconf 82' lang='grc' dir='ltr'><em>εὶναι,)</em></span> <span class='ocrx_word' id='word_1_115' title='bbox 644 1650 703 1728; x_wconf 79' lang='grc' dir='ltr'><em>τῆς</em></span> <span class='ocrx_word' id='word_1_116' title='bbox 712 1651 853 1721; x_wconf 81' lang='grc' dir='ltr'><em>πυλαίας</em></span> <span class='ocrx_word' id='word_1_117' title='bbox 866 1641 897 1710; x_wconf 87' lang='grc' dir='ltr'><em>δ’</em></span> <span class='ocrx_word' id='word_1_118' title='bbox 911 1643 1110 1730; x_wconf 79' lang='grc' dir='ltr'><em>έπεθάμονν</em></span> 
     </span>
     <span class='ocr_line' id='line_1_16' title="bbox 150 1738 1148 1828; baseline -0.001 -17"><span class='ocrx_word' id='word_1_119' title='bbox 150 1738 207 1811; x_wconf 92' lang='grc' dir='ltr'><em>καὶ</em></span> <span class='ocrx_word' id='word_1_120' title='bbox 216 1752 284 1811; x_wconf 93' lang='grc' dir='ltr'><em>τῶν</em></span> <span class='ocrx_word' id='word_1_121' title='bbox 296 1746 332 1811; x_wconf 84' lang='grc' dir='ltr'><em>έν</em></span> <span class='ocrx_word' id='word_1_122' title='bbox 341 1749 499 1827; x_wconf 79' lang='grc' dir='ltr'><em>Δελφοῖς,</em></span> <span class='ocrx_word' id='word_1_123' title='bbox 508 1740 802 1828; x_wconf 81' lang='grc' dir='ltr'><em>πλεονεκτημάτων</em></span> <span class='ocrx_word' id='word_1_124' title='bbox 814 1747 919 1826; x_wconf 82' lang='grc' dir='ltr'><em>δυοίν,</em></span> <span class='ocrx_word' id='word_1_125' title='bbox 927 1742 1039 1828; x_wconf 82' lang='grc' dir='ltr'><em>κύριοι</em></span> <span class='ocrx_word' id='word_1_126' title='bbox 1050 1755 1148 1827; x_wconf 77' lang='grc' dir='ltr'><em>γε·σὸ</em></span> 
     </span>
    </p>

    <p class='ocr_par' dir='ltr' id='par_1_5' title="bbox 47 1839 1107 1928">
     <span class='ocr_line' id='line_1_17' title="bbox 47 1839 1107 1928; baseline -0.004 -15"><span class='ocrx_word' id='word_1_127' title='bbox 47 1908 49 1913; x_wconf 88' lang='grc'><em>,</em></span> <span class='ocrx_word' id='word_1_128' title='bbox 151 1845 287 1910; x_wconf 75' lang='grc' dir='ltr'><em>νέσδαι·</em></span> <span class='ocrx_word' id='word_1_129' title='bbox 304 1848 352 1928; x_wconf 79' lang='grc' dir='ltr'><em>τῷ</em></span> <span class='ocrx_word' id='word_1_130' title='bbox 363 1839 399 1908; x_wconf 80' lang='grc' dir='ltr'><em>δὶ</em></span> <span class='ocrx_word' id='word_1_131' title='bbox 410 1840 540 1907; x_wconf 83' lang='grc' dir='ltr'><em>τούτων</em></span> <span class='ocrx_word' id='word_1_132' title='bbox 550 1847 723 1924; x_wconf 77' lang='grc' dir='ltr'><em>γλίχεσθαι</em></span> <span class='ocrx_word' id='word_1_133' title='bbox 733 1839 812 1908; x_wconf 85' lang='grc' dir='ltr'><em>τάδε</em></span> <span class='ocrx_word' id='word_1_134' title='bbox 823 1845 1107 1927; x_wconf 78' lang='grc' dir='ltr'><em>συγκατέπραξαν.</em></span> 
     </span>
    </p>

    <p class='ocr_par' dir='ltr' id='par_1_6' title="bbox 151 1935 1109 2028">
     <span class='ocr_line' id='line_1_18' title="bbox 151 1935 1109 2028; baseline 0.004 -24"><span class='ocrx_word' id='word_1_135' title='bbox 151 1946 220 2005; x_wconf 91' lang='grc' dir='ltr'><em>τῶν</em></span> <span class='ocrx_word' id='word_1_136' title='bbox 228 1943 344 2005; x_wconf 84' lang='grc' dir='ltr'><em>τοίνυν</em></span> <span class='ocrx_word' id='word_1_137' title='bbox 356 1941 450 2004; x_wconf 78' lang='grc' dir='ltr'><em>ἰδίαν</em></span> <span class='ocrx_word' id='word_1_138' title='bbox 461 1935 541 2022; x_wconf 79' lang='grc' dir='ltr'><em>ἕνεχ’</em></span> <span class='ocrx_word' id='word_1_139' title='bbox 554 1935 711 2024; x_wconf 79' lang='grc' dir='ltr'><em>εὑρήσετε</em></span> <span class='ocrx_word' id='word_1_140' title='bbox 729 1941 871 2007; x_wconf 79' lang='grc' dir='ltr'><em>ἕκαστον</em></span> <span class='ocrx_word' id='word_1_141' title='bbox 882 1941 989 2008; x_wconf 84' lang='grc' dir='ltr'><em>πολλοὶ</em></span> <span class='ocrx_word' id='word_1_142' title='bbox 999 1964 1109 2028; x_wconf 81' lang='grc' dir='ltr'><em>προη-</em></span> 
     </span>
    </p>

    <p class='ocr_par' dir='ltr' id='par_1_7' title="bbox 82 2026 1110 2222">
     <span class='ocr_line' id='line_1_19' title="bbox 82 2026 1110 2127; baseline 0.009 -26"><span class='ocrx_word' id='word_1_143' title='bbox 82 2046 85 2049; x_wconf 78' lang='grc'>’</span> <span class='ocrx_word' id='word_1_144' title='bbox 151 2026 444 2121; x_wconf 81' lang='grc' dir='ltr'><em>γμένονῶνούδὶν</em></span> <span class='ocrx_word' id='word_1_145' title='bbox 459 2036 614 2122; x_wconf 80' lang='grc' dir='ltr'><em>ἐβούλετο</em></span> <span class='ocrx_word' id='word_1_146' title='bbox 626 2044 754 2123; x_wconf 74' lang='grc' dir='ltr'><em>πρῶξαι.</em></span> <span class='ocrx_word' id='word_1_147' title='bbox 784 2047 884 2106; x_wconf 79' lang='grc' dir='ltr'><em>τοῦτο</em></span> <span class='ocrx_word' id='word_1_148' title='bbox 906 2042 1037 2127; x_wconf 87' lang='grc' dir='ltr'><em>μέντοι,</em></span> <span class='ocrx_word' id='word_1_149' title='bbox 1055 2040 1110 2110; x_wconf 80' lang='grc' dir='ltr'><em>ὅτι</em></span> 
     </span>
     <span class='ocr_line' id='line_1_20' title="bbox 150 2132 691 2222; baseline 0.004 -20"><span class='ocrx_word' id='word_1_150' title='bbox 150 2133 304 2203; x_wconf 85' lang='grc' dir='ltr'><em>τοιοῦτόν</em></span> <span class='ocrx_word' id='word_1_151' title='bbox 315 2137 392 2220; x_wconf 78' lang='grc' dir='ltr'><em>ἐστι,</em></span> <span class='ocrx_word' id='word_1_152' title='bbox 403 2137 594 2220; x_wconf 82' lang='grc' dir='ltr'><em>φυλακτέον</em></span> <span class='ocrx_word' id='word_1_153' title='bbox 604 2132 691 2222; x_wconf 80' lang='grc' dir='ltr'><em>ἡμίν.</em></span> 
     </span>
    </p>

    <p class='ocr_par' dir='ltr' id='par_1_8' title="bbox 106 2231 1110 3111">
     <span class='ocr_line' id='line_1_21' title="bbox 106 2231 1109 2324; baseline 0.009 -29"><span class='ocrx_word' id='word_1_154' title='bbox 106 2242 142 2295; x_wconf 75' lang='lat'><em>24</em></span> <span class='ocrx_word' id='word_1_155' title='bbox 237 2233 284 2301; x_wconf 84' lang='grc' dir='ltr'><em>Τά</em></span> <span class='ocrx_word' id='word_1_156' title='bbox 296 2232 500 2322; x_wconf 87' lang='grc' dir='ltr'><em>κελευόμενα</em></span> <span class='ocrx_word' id='word_1_157' title='bbox 510 2231 597 2322; x_wconf 77' lang='grc' dir='ltr'><em>ἡμᾶς</em></span> <span class='ocrx_word' id='word_1_158' title='bbox 608 2234 673 2322; x_wconf 85' lang='grc' dir='ltr'><em>άρα</em></span> <span class='ocrx_word' id='word_1_159' title='bbox 685 2240 963 2306; x_wconf 80' lang='grc' dir='ltr'><em>δετποιείνταῶτα</em></span> <span class='ocrx_word' id='word_1_160' title='bbox 974 2244 1109 2324; x_wconf 79' lang='grc' dir='ltr'><em>φοβου-</em></span> 
     </span>
     <span class='ocr_line' id='line_1_22' title="bbox 148 2332 1108 2421; baseline 0.002 -19"><span class='ocrx_word' id='word_1_161' title='bbox 148 2337 286 2421; x_wconf 72' lang='grc' dir='ltr'><em>μένονςς</em></span> <span class='ocrx_word' id='word_1_162' title='bbox 296 2336 352 2403; x_wconf 91' lang='grc' dir='ltr'><em>καὶ</em></span> <span class='ocrx_word' id='word_1_163' title='bbox 362 2332 405 2401; x_wconf 79' lang='grc' dir='ltr'><em>σε)</em></span> <span class='ocrx_word' id='word_1_164' title='bbox 416 2342 521 2403; x_wconf 86' lang='grc' dir='ltr'><em>ταῦτα</em></span> <span class='ocrx_word' id='word_1_165' title='bbox 530 2335 692 2415; x_wconf 81' lang='grc' dir='ltr'><em>κελεύεις;</em></span> <span class='ocrx_word' id='word_1_166' title='bbox 702 2344 831 2404; x_wconf 85' lang='grc' dir='ltr'><em>πολλοῶ</em></span> <span class='ocrx_word' id='word_1_167' title='bbox 840 2337 939 2420; x_wconf 81' lang='grc' dir='ltr'><em>γεκαὶ</em></span> <span class='ocrx_word' id='word_1_168' title='bbox 950 2339 1023 2402; x_wconf 80' lang='grc' dir='ltr'><em>δέω.</em></span> <span class='ocrx_word' id='word_1_169' title='bbox 1036 2333 1108 2406; x_wconf 79' lang='grc' dir='ltr'><em>ἀλλ’</em></span> 
     </span>
     <span class='ocr_line' id='line_1_23' title="bbox 150 2429 1106 2521; baseline 0.001 -19"><span class='ocrx_word' id='word_1_170' title='bbox 150 2432 194 2513; x_wconf 86' lang='grc' dir='ltr'><em>ῶς</em></span> <span class='ocrx_word' id='word_1_171' title='bbox 215 2434 292 2503; x_wconf 80' lang='grc' dir='ltr'><em>οὔτε</em></span> <span class='ocrx_word' id='word_1_172' title='bbox 315 2433 485 2521; x_wconf 76' lang='grc' dir='ltr'><em>πράξομεν</em></span> <span class='ocrx_word' id='word_1_173' title='bbox 506 2433 608 2501; x_wconf 73' lang='grc' dir='ltr'><em>οὐδὲν</em></span> <span class='ocrx_word' id='word_1_174' title='bbox 628 2430 766 2513; x_wconf 78' lang='grc' dir='ltr'><em>ἀνάξων</em></span> <span class='ocrx_word' id='word_1_175' title='bbox 784 2429 1015 2519; x_wconf 75' lang='grc' dir='ltr'><em>ἡμῶναύτῶν</em></span> <span class='ocrx_word' id='word_1_176' title='bbox 1037 2431 1106 2502; x_wconf 57' lang='grc' dir='ltr'><em>οὔτ’</em></span> 
     </span>
     <span class='ocr_line' id='line_1_24' title="bbox 149 2529 1110 2618; baseline -0.002 -16"><span class='ocrx_word' id='word_1_177' title='bbox 149 2539 240 2602; x_wconf 76' lang='grc' dir='ltr'><em>ἔσται</em></span> <span class='ocrx_word' id='word_1_178' title='bbox 250 2535 402 2618; x_wconf 85' lang='grc' dir='ltr'><em>πόλεμος,</em></span> <span class='ocrx_word' id='word_1_179' title='bbox 414 2540 500 2600; x_wconf 85' lang='grc' dir='ltr'><em>νοῶν</em></span> <span class='ocrx_word' id='word_1_180' title='bbox 510 2531 547 2599; x_wconf 74' lang='grc' dir='ltr'><em>δὲ</em></span> <span class='ocrx_word' id='word_1_181' title='bbox 564 2532 704 2615; x_wconf 82' lang='grc' dir='ltr'><em>δόξομεν</em></span> <span class='ocrx_word' id='word_1_182' title='bbox 720 2534 920 2614; x_wconf 75' lang='grc' dir='ltr'><em>πῶσινέχειν</em></span> <span class='ocrx_word' id='word_1_183' title='bbox 934 2531 991 2597; x_wconf 92' lang='grc' dir='ltr'><em>καὶ</em></span> <span class='ocrx_word' id='word_1_184' title='bbox 1001 2529 1043 2598; x_wconf 87' lang='grc' dir='ltr'><em>τοὶ</em></span> <span class='ocrx_word' id='word_1_185' title='bbox 1055 2536 1110 2600; x_wconf 83' lang='grc' dir='ltr'><em>δί-</em></span> 
     </span>
     <span class='ocr_line' id='line_1_25' title="bbox 149 2626 1109 2716; baseline 0 -17"><span class='ocrx_word' id='word_1_186' title='bbox 149 2658 227 2699; x_wconf 84' lang='grc' dir='ltr'><em>καια</em></span> <span class='ocrx_word' id='word_1_187' title='bbox 236 2635 356 2716; x_wconf 85' lang='grc' dir='ltr'><em>λέγειν,</em></span> <span class='ocrx_word' id='word_1_188' title='bbox 366 2626 452 2697; x_wconf 81' lang='grc' dir='ltr'><em>τοῦτ’</em></span> <span class='ocrx_word' id='word_1_189' title='bbox 466 2626 556 2714; x_wconf 90' lang='grc' dir='ltr'><em>οὶμαι</em></span> <span class='ocrx_word' id='word_1_190' title='bbox 567 2631 638 2695; x_wconf 76' lang='grc' dir='ltr'><em>δεῖν</em></span> <span class='ocrx_word' id='word_1_191' title='bbox 648 2641 762 2695; x_wconf 84' lang='grc' dir='ltr'><em>ποιεῖν.</em></span> <span class='ocrx_word' id='word_1_192' title='bbox 786 2627 870 2711; x_wconf 80' lang='grc' dir='ltr'><em>πρὸς</em></span> <span class='ocrx_word' id='word_1_193' title='bbox 881 2627 917 2695; x_wconf 71' lang='grc' dir='ltr'><em>δὲ</em></span> <span class='ocrx_word' id='word_1_194' title='bbox 925 2628 1007 2707; x_wconf 83' lang='grc' dir='ltr'><em>τούς</em></span> <span class='ocrx_word' id='word_1_195' title='bbox 1016 2640 1109 2715; x_wconf 72' lang='grc' dir='ltr'><em>θροι-</em></span> 
     </span>
     <span class='ocr_line' id='line_1_26' title="bbox 149 2724 1108 2814; baseline 0.001 -18"><span class='ocrx_word' id='word_1_196' title='bbox 149 2735 233 2808; x_wconf 83' lang='grc' dir='ltr'><em>σέας</em></span> <span class='ocrx_word' id='word_1_197' title='bbox 242 2726 358 2798; x_wconf 86' lang='grc' dir='ltr'><em>ὁτιοῦν</em></span> <span class='ocrx_word' id='word_1_198' title='bbox 368 2729 541 2812; x_wconf 76' lang='grc' dir='ltr'><em>οἰομένους</em></span> <span class='ocrx_word' id='word_1_199' title='bbox 556 2724 738 2811; x_wconf 79' lang='grc' dir='ltr'><em>ὑπομένειν</em></span> <span class='ocrx_word' id='word_1_200' title='bbox 749 2730 819 2794; x_wconf 78' lang='grc' dir='ltr'><em>δεῖν</em></span> <span class='ocrx_word' id='word_1_201' title='bbox 827 2730 882 2794; x_wconf 87' lang='grc' dir='ltr'><em>καὶ</em></span> <span class='ocrx_word' id='word_1_202' title='bbox 894 2727 939 2813; x_wconf 78' lang='grc' dir='ltr'><em>μὴ</em></span> <span class='ocrx_word' id='word_1_203' title='bbox 951 2751 1108 2814; x_wconf 83' lang='grc' dir='ltr'><em>προορω-</em></span> 
     </span>
     <span class='ocr_line' id='line_1_27' title="bbox 149 2824 1108 2913; baseline 0 -19"><span class='ocrx_word' id='word_1_204' title='bbox 149 2829 270 2912; x_wconf 78' lang='grc' dir='ltr'><em>μένους</em></span> <span class='ocrx_word' id='word_1_205' title='bbox 279 2825 339 2894; x_wconf 85' lang='grc' dir='ltr'><em>τόν</em></span> <span class='ocrx_word' id='word_1_206' title='bbox 349 2824 496 2908; x_wconf 80' lang='grc' dir='ltr'><em>πόλεμον</em></span> <span class='ocrx_word' id='word_1_207' title='bbox 507 2825 617 2893; x_wconf 73' lang='grc' dir='ltr'><em>ἐκεῖνα</em></span> <span class='ocrx_word' id='word_1_208' title='bbox 622 2825 786 2910; x_wconf 81' lang='grc' dir='ltr'><em>βούλομαι</em></span> <span class='ocrx_word' id='word_1_209' title='bbox 792 2834 1000 2912; x_wconf 76' lang='grc' dir='ltr'><em>λογίσασθαι.</em></span> <span class='ocrx_word' id='word_1_210' title='bbox 1016 2825 1108 2913; x_wconf 72' lang='grc' dir='ltr'><em>ἡμεῖς</em></span> 
     </span>
     <span class='ocr_line' id='line_1_28' title="bbox 150 2919 1106 3013; baseline 0 -21"><span class='ocrx_word' id='word_1_211' title='bbox 150 2929 316 3010; x_wconf 77' lang='grc' dir='ltr'><em>Θηβαίους</em></span> <span class='ocrx_word' id='word_1_212' title='bbox 327 2924 433 3008; x_wconf 81' lang='grc' dir='ltr'><em>ἐῶμεν</em></span> <span class='ocrx_word' id='word_1_213' title='bbox 443 2925 526 3008; x_wconf 77' lang='grc' dir='ltr'><em>ἔχειν</em></span> <span class='ocrx_word' id='word_1_214' title='bbox 533 2919 706 3009; x_wconf 77' lang='grc' dir='ltr'><em>Ὠρωπόν·</em></span> <span class='ocrx_word' id='word_1_215' title='bbox 720 2927 782 2991; x_wconf 84' lang='grc' dir='ltr'><em>καὶ</em></span> <span class='ocrx_word' id='word_1_216' title='bbox 788 2934 821 2993; x_wconf 85' lang='grc' dir='ltr'><em>εὶ</em></span> <span class='ocrx_word' id='word_1_217' title='bbox 827 2951 875 3003; x_wconf 81' lang='grc' dir='ltr'><em>τις</em></span> <span class='ocrx_word' id='word_1_218' title='bbox 891 2930 996 3010; x_wconf 78' lang='grc' dir='ltr'><em>ἔροιτο</em></span> <span class='ocrx_word' id='word_1_219' title='bbox 1006 2923 1106 3013; x_wconf 78' lang='grc' dir='ltr'><em>ἡμᾶς,</em></span> 
     </span>
     <span class='ocr_line' id='line_1_29' title="bbox 150 3018 1107 3111; baseline 0.001 -20"><span class='ocrx_word' id='word_1_220' title='bbox 150 3020 309 3101; x_wconf 80' lang='grc' dir='ltr'><em>κελεύσας</em></span> <span class='ocrx_word' id='word_1_221' title='bbox 329 3026 432 3090; x_wconf 73' lang='grc' dir='ltr'><em>εἰπεῖν</em></span> <span class='ocrx_word' id='word_1_222' title='bbox 455 3018 603 3109; x_wconf 75' lang='grc' dir='ltr'><em>τάληθῆ,</em></span> <span class='ocrx_word' id='word_1_223' title='bbox 626 3021 682 3090; x_wconf 86' lang='grc' dir='ltr'><em>διά</em></span> <span class='ocrx_word' id='word_1_224' title='bbox 697 3029 743 3102; x_wconf 87' lang='grc' dir='ltr'><em>τί;</em></span> <span class='ocrx_word' id='word_1_225' title='bbox 764 3028 820 3091; x_wconf 82' lang='grc' dir='ltr'><em>ἳνα</em></span> <span class='ocrx_word' id='word_1_226' title='bbox 835 3023 880 3110; x_wconf 74' lang='grc' dir='ltr'><em>μὴ</em></span> <span class='ocrx_word' id='word_1_227' title='bbox 898 3032 1107 3111; x_wconf 82' lang='grc' dir='ltr'><em>πολεμῶμεν,</em></span> 
     </span>
    </p>

    <p class='ocr_par' dir='ltr' id='par_1_9' title="bbox 108 3119 1116 3512">
     <span class='ocr_line' id='line_1_30' title="bbox 108 3119 1109 3213; baseline -0.001 -20"><span class='ocrx_word' id='word_1_228' title='bbox 108 3142 142 3196; x_wconf 75' lang='grc' dir='ltr'><em>νο</em></span> <span class='ocrx_word' id='word_1_229' title='bbox 151 3135 273 3208; x_wconf 75' lang='grc' dir='ltr'><em>φαῖμεν</em></span> <span class='ocrx_word' id='word_1_230' title='bbox 284 3119 335 3189; x_wconf 86' lang='grc' dir='ltr'><em>άν.</em></span> <span class='ocrx_word' id='word_1_231' title='bbox 359 3123 413 3190; x_wconf 87' lang='grc' dir='ltr'><em>καὶ</em></span> <span class='ocrx_word' id='word_1_232' title='bbox 425 3128 579 3213; x_wconf 76' lang='grc' dir='ltr'><em>Φιλίππῳ</em></span> <span class='ocrx_word' id='word_1_233' title='bbox 591 3124 669 3190; x_wconf 89' lang='grc' dir='ltr'><em>νυνὶ</em></span> <span class='ocrx_word' id='word_1_234' title='bbox 681 3123 766 3191; x_wconf 80' lang='grc' dir='ltr'><em>κατὰ</em></span> <span class='ocrx_word' id='word_1_235' title='bbox 777 3121 835 3201; x_wconf 77' lang='grc' dir='ltr'><em>τάς</em></span> <span class='ocrx_word' id='word_1_236' title='bbox 845 3122 1020 3209; x_wconf 74' lang='grc' dir='ltr'><em>συνθήκας</em></span> <span class='ocrx_word' id='word_1_237' title='bbox 1028 3121 1109 3212; x_wconf 82' lang='grc' dir='ltr'><em>Ἀμ-</em></span> 
     </span>
     <span class='ocr_line' id='line_1_31' title="bbox 151 3221 1109 3309; baseline 0.002 -19"><span class='ocrx_word' id='word_1_238' title='bbox 151 3221 317 3309; x_wconf 83' lang='grc' dir='ltr'><em>ῳιπόλεας</em></span> <span class='ocrx_word' id='word_1_239' title='bbox 332 3222 676 3309; x_wconf 72' lang='grc' dir='ltr'><em>παρακεχωρήκαμεν,</em></span> <span class='ocrx_word' id='word_1_240' title='bbox 695 3222 752 3290; x_wconf 90' lang='grc' dir='ltr'><em>καὶ</em></span> <span class='ocrx_word' id='word_1_241' title='bbox 767 3223 979 3309; x_wconf 76' lang='grc' dir='ltr'><em>Καρδιανοὺς</em></span> <span class='ocrx_word' id='word_1_242' title='bbox 997 3227 1109 3309; x_wconf 79' lang='grc' dir='ltr'><em>ἐῶμεν</em></span> 
     </span>
     <span class='ocr_line' id='line_1_32' title="bbox 149 3320 1116 3410; baseline 0.003 -22"><span class='ocrx_word' id='word_1_243' title='bbox 149 3328 211 3402; x_wconf 81' lang='grc' dir='ltr'><em>ἔξω</em></span> <span class='ocrx_word' id='word_1_244' title='bbox 222 3328 478 3409; x_wconf 85' lang='grc' dir='ltr'><em>Χερρονησιτῶν</em></span> <span class='ocrx_word' id='word_1_245' title='bbox 486 3328 556 3388; x_wconf 88' lang='grc' dir='ltr'><em>τῶν</em></span> <span class='ocrx_word' id='word_1_246' title='bbox 566 3320 861 3407; x_wconf 75' lang='grc' dir='ltr'><em>ἄλλοιν-τετάχθαι,</em></span> <span class='ocrx_word' id='word_1_247' title='bbox 872 3325 928 3390; x_wconf 87' lang='grc' dir='ltr'><em>καὶ</em></span> <span class='ocrx_word' id='word_1_248' title='bbox 937 3323 997 3389; x_wconf 84' lang='grc' dir='ltr'><em>τὸν</em></span> <span class='ocrx_word' id='word_1_249' title='bbox 1006 3327 1116 3410; x_wconf 83' lang='grc' dir='ltr'><em>Κᾶρα</em></span> 
     </span>
     <span class='ocr_line' id='line_1_33' title="bbox 150 3417 1109 3512; baseline 0.003 -24"><span class='ocrx_word' id='word_1_250' title='bbox 150 3421 207 3502; x_wconf 79' lang='grc' dir='ltr'><em>τοὶς</em></span> <span class='ocrx_word' id='word_1_251' title='bbox 223 3422 349 3510; x_wconf 78' lang='grc' dir='ltr'><em>νήσους</em></span> <span class='ocrx_word' id='word_1_252' title='bbox 364 3418 744 3506; x_wconf 79' lang='grc' dir='ltr'><em>καταλαμβάνειν,·Κίον</em></span> <span class='ocrx_word' id='word_1_253' title='bbox 758 3420 814 3488; x_wconf 83' lang='grc' dir='ltr'><em>καὶ</em></span> <span class='ocrx_word' id='word_1_254' title='bbox 824 3425 906 3488; x_wconf 83' lang='grc' dir='ltr'><em>Κῶν</em></span> <span class='ocrx_word' id='word_1_255' title='bbox 915 3423 971 3489; x_wconf 88' lang='grc' dir='ltr'><em>καὶ</em></span> <span class='ocrx_word' id='word_1_256' title='bbox 980 3417 1109 3512; x_wconf 83' lang='grc' dir='ltr'><em>Ῥόδον,</em></span> 
     </span>
    </p>
   </div>
   <div class='ocr_carea' id='block_1_3' title="bbox 0 0 1182 3870">
    <p class='ocr_par' dir='ltr' id='par_1_10' title="bbox 0 0 1182 3870">
     <span class='ocr_line' id='line_1_34' title="bbox 0 0 1182 3870; baseline 0 0"><span class='ocrx_word' id='word_1_257' title='bbox 0 0 1182 3870; x_wconf 95' lang='lat' dir='ltr'><em> </em></span> 
     </span>
    </p>
   </div>
  </div>
 </body>
</html>
