2340 3894
147 153 211 219 248
312 156 442 214 IIVIII.
481 152 902 217 ΔΗΜΟΣΘΕΝΟΤΣ

190 325 309 403 ρεῖσθαι
319 310 451 418 άνάξιον
453 311 530 382 εἶναι
540 315 638 378 καί
601 339 653 399 της
664 319 724 378 τῶν
728 309 880 418 Ἑλλήνων
890 313 980 422 δόξης
990 319 1086 381 καί
1051 343 1101 400 της

88 421 139 479 186
188 409 248 466 τῶν
259 397 420 507 προγόνων
434 392 546 482 άρετῆς
572 392 615 462 ἔτι
632 397 672 461 δὲ
682 390 753 462 οὐδὲ
770 392 1100 503 άλλάτριονὴγεῖταιεί-

188 511 241 549 ναι
255 512 272 550 ο
259 480 450 588 ’Ἀθηναίων
467 476 602 584 δῆμος
574 505 627 548 ιον
618 484 738 582 Θηβαί
737 505 780 545 ων
795 480 945 564 δῆμον”
907 508 975 548 οοτε
984 491 1022 591 τῇ
1031 503 1100 589 συγ·
1100 542 1104 547 .

189 566 326 672 γενείμ’
297 565 363 633 οάτε
373 593 415 654 τφ
401 561 578 714 δμοφάλμ.
608 557 861 666 άναμιμνήσκεται
872 566 904 630 δὲ
916 568 967 630 καί
978 594 1053 672 τας
1043 576 1102 632 τῶν

189 650 346 798 προγόνων
361 629 421 750 τιάι(
438 651 542 714 ἑαυτου
530 627 600 722 είς
611 641 679 723 τοδς
692 651 833 730 Θηβαίων
841 647 1009 751 προγόνους
1021 645 1100 736 εὔερ-

189 739 255 840 γεσί
253 759 303 810 ας·
295 726 416 796 ·καλ
380 758 439 816 γαρ
449 725 518 806 τοδς
522 727 702 831 Ηρακλὲονς
711 725 850 834 παῖδας’
832 738 1102 835 αποστερουμὲνονς

189 815 250 883 άπο
237 813 554 917 Πελοποννησίων
517 839 569 894 της
572 811 721 915 πατρῴας
733 808 824 898 άρχῆς
835 813 1020 901 κατήγαγον,
1041 828 1101 896 τοῖς

188 899 290 976 ὅπλοις
315 895 510 999 κρατήσαντες
532 921 600 971 τους
613 878 803 998 ἀντιβαίνειν
821 903 1021 1005 πειρωμένους
1041 912 1101 979 τοῖς

184 925 363 1084 Ἡρακλέους
373 977 519 1084 ἐκγόγιις,
532 981 583 1042 και
593 973 645 1042 τδν
658 983 804 1044 Οἰδίπουν
814 984 865 1046 καί
875 1009 944 1086 τρυς
956 1009 1022 1086 μετ
1007 979 1100 1050 ’ἐκεί-

187 1062 424 1138 νουίκπεσόντας
433 1059 647 1144 ὑπεδεξάμεθα,
660 1088 711 1165 κρυ
701 1064 805 1147 ’ἕτερα
814 1059 936 1129 πολλά
920 1093 995 1171 ημιν
1005 1065 1099 1172 ὖπάρ

186 1175 229 1232 χει
240 1146 442 1253 φιλάνθρωπα
453 1172 504 1210 και
494 1147 619 1223 ἔνδοξα
636 1140 711 1230 πρδς
724 1152 888 1230 Θηβαίους·
912 1147 1017 1236 διόπερ
1034 1147 1100 1216 ουδὲ
1107 1155 1145 1210 λλλ

186 1239 243 1297 νῦν
259 1227 453 1312 άποστήσεται
469 1222 664 1329 δἈθηναίων
681 1234 773 1312 δῆμος
784 1257 843 1296 των
856 1177 1017 1338 Θηβαίοιςρ
1011 1260 1042 1299 τε
1050 1237 1099 1300 καί

185 1324 246 1418 wig
256 1313 355 1392 ἄλλοις
355 1315 480 1397 Ἕλλησι
490 1309 708 1422 συμφερόντων
738 1316 907 1380 συνθέσθαι
918 1318 951 1382 δὲ
960 1313 1036 1424 πρὸς
1047 1313 1098 1383 αὖ·

185 1394 255 1475 τοὺς
278 1402 445 1483 συμμαχίαν
465 1397 517 1461 και
542 1397 699 1478 ἐπιγαμίαν
720 1394 904 1480 ποιήσασθαι
923 1400 1012 1469 καδδ
1013 1427 1099 1486 ριιονς

187 1487 294 1548 δοῦναι
310 1485 360 1548 καί
378 1487 488 1587 λαβεῖν.
520 1480 654 1580 πρέσβεις
672 1481 867 1583 Δημοσθένης
884 1487 1098 1567 Δημοσθένους

186 1563 373 1670 Παιανιεὺς,
381 1562 551 1661 Ὑπερείδης
561 1559 736 1645 Κλεάνδρου
744 1562 909 1668 Σφήιτιος,
927 1572 1096 1651 Μνησιθεί-

187 1645 255 1752 δης’
251 1647 443 1753 Αντιφάνους
459 1644 638 1731 Φρεάρριος,
657 1645 1007 1732 ΔημοκράτηςΣωφίλου
1020 1658 1096 1718 Φλυ-

185 1728 248 1813 εδς,
259 1730 461 1815 Κάλλαισχρος
472 1733 614 1811 Διοτίμου
625 1735 813 1816 Κοθωκίδης.
814 1737 826 1815 ]

81 1855 133 1912 188
226 1841 321 1928 Αὕιη
338 1851 406 1910 ταῖν
422 1845 497 1927 περὶ
513 1841 626 1927 Θηβας
643 1843 772 1926 ἐγένετο
791 1846 999 1932 πραγμάτων
1017 1841 1095 1935 άρχῆ

141 1941 197 2005 καί
214 1940 412 2017 κατάστασις
428 1938 559 2023 πριίτη,
580 1937 620 2004 τά
632 1937 697 2022 πρδ
709 1942 839 2009 τούτων
850 1949 896 2022 είς
906 1950 1036 2031 ἔχθραν
1045 1947 1095 2014 καί

140 2049 235 2122 μίσος
251 2037 306 2103 καί
322 2034 478 2103 ἀπιστίαν
494 2042 564 2103 τῶν
580 2035 711 2104 πόλεων
727 2034 930 2125 ὑπηγμένων
940 2039 1007 2110 ὑπὸ
1019 2043 1094 2111 τού-

139 2158 216 2201 των.
250 2141 350 2202 τοῦτο
367 2131 405 2201 τὰ
422 2130 577 2220 ψήφισμα
586 2133 646 2203 τὸν
654 2133 728 2202 τότε
738 2145 780 2223 τῇ
791 2139 885 2206 πόλει
895 2139 1093 2226 περιστάντα

139 2237 302 2303 κίνδυνον
323 2240 505 2317 παρελθεῖν
525 2234 679 2318 ἐποίησεν
701 2231 813 2320 ὥσπερ
829 2239 940 2322 νέφος.
974 2231 1021 2324 ἦν
1038 2237 1093 2326 μδν

138 2341 256 2402 τοίνυν
278 2340 340 2401 τοῦ
361 2336 493 2400 δικαίου
510 2337 647 2399 πολίτου
665 2331 740 2398 τότε
759 2336 861 2411 δεῖξαι
878 2341 983 2402 πᾶσιν
989 2386 1000 2420 ,
1024 2346 1055 2404 ελ
1067 2361 1095 2402 τι

77 2449 129 2505 189
138 2433 269 2501 τούτων
280 2431 368 2518 εἶχεν
377 2430 532 2517 ἄμεινον,
555 2429 599 2514 μὴ
610 2437 677 2496 νῦν
694 2431 856 2515 ἐπιτιμᾶν.
891 2429 994 2517 ὁγὰρ
1013 2435 1094 2520 σάμ-

136 2537 260 2617 βουλος
271 2533 327 2599 καὶ
337 2528 356 2600 ὁ
368 2528 598 2615 συκοφάντης,
622 2525 702 2595 οὐδὲ
714 2534 783 2594 τοῖν
793 2526 907 2597 ἄλλων
917 2531 1023 2600 οὐδὲν
1033 2535 1094 2601 ἐοι-

136 2628 246 2712 κότες,
257 2627 412 2714 ίντοάτφ
423 2635 578 2694 πλεῖστον
589 2623 742 2712 ἀλλήλων
753 2628 989 2712 διαφέρουσιν·
1003 2626 1026 2709 δ
1035 2633 1093 2718 μέν

135 2747 175 2806 γε
185 2721 249 2804 πρὸ
262 2729 333 2790 τῶν
342 2724 548 2808 πραγμάτων
557 2723 695 2808 γνώμην
712 2720 950 2812 ἀποφαίνεται,
972 2735 1029 2795 καί
1046 2731 1092 2795 δί-

137 2821 267 2885 δωσιυ’
250 2817 370 2887 εαυτὸν
380 2817 580 2888 ὑπεύθυνον
590 2834 659 2898 τοῖς
669 2832 850 2907 πεισθεῖσι,
862 2850 902 2910 τη
915 2824 999 2914 τάχη
1006 2877 1017 2911 ,
1030 2840 1093 2905 τοις

135 2928 314 3001 καιροῖς,
282 2941 328 2982 τω
317 2920 552 3004 βουλομένῳ·
577 2915 644 2986 ὁδὶ
655 2921 794 3005 σιγησας
804 2919 887 3008 ηυίκ’
899 2928 966 2991 ἔδει
976 2928 1093 3048 λέγειν,

74 3027 127 3083 190
135 3038 220 3081 αντι
231 3013 400 3083 δύσκολον
412 3023 541 3106 συμβη,
561 3025 661 3086 τοῦτο
672 3026 852 3105 βασκαίνει
888 3048 933 3108 ην
949 3017 1064 3109 μὲν
1021 3049 1093 3102 ουν,

134 3136 219 3198 οπερ
236 3109 348 3198 είπον,
369 3112 526 3194 ἐκεινος
508 3141 529 3183 ο
541 3114 657 3200 καιρὸς
669 3143 729 3184 του
738 3143 776 3204 γε
788 3119 1056 3238 φρουτίζοντος’
1035 3148 1095 3189 αν-

42 3266 57 3297 ,
134 3209 269 3297 δρδς
230 3236 288 3296 της
304 3209 432 3291 πόλεως
447 3215 502 3280 καὶ
519 3222 588 3302 τῶν
607 3218 745 3283 δικαίων
761 3215 885 3302 λόγων·
909 3218 974 3303 ἐγιδ
993 3218 1030 3287 δὲ
1040 3244 1095 3287 το-

134 3310 261 3395 σαύτην
288 3304 479 3398 ὑπερβολὴν
503 3318 661 3398 ποιοῦμαι
688 3309 792 3397 ὥστε,
813 3309 858 3383 δν
880 3322 947 3382 νῦν
968 3322 1028 3411 ἔχη
1048 3341 1096 3394 τις
