2340 3894
300 188 440 257 RATA
459 190 730 258 ΦΙΛΙΠΠΟΥ
746 197 784 259 Γ.
953 200 1016 263 109

878 270 884 305 ί

55 345 138 428 τοὺς
148 347 432 437 μδνέαβαλόντες,
448 350 571 432 τοὺςδ
585 352 853 442 ἀποκτείναντες,
869 355 932 427 ὁδ’
943 359 1016 428 Εά·

56 460 183 532 φραῖος
201 449 326 526 ἐκεῖνος
337 448 561 537 ἐπέσφαξεν
543 450 682 539 εαυτδν,
706 459 791 544 έργῳ
803 458 1016 544 μαρτυρήσας

58 543 110 620 ὅτι
131 549 266 625 δικαίως
286 546 342 614 καὶ
362 557 522 633 καθαροῖς
542 547 628 636 ὑπὲρ
649 560 718 619 τῶν
734 560 880 620 πολιταν
897 551 1017 623 ἀνθει-

57 641 349 734 στήκειΦιλίππῳ.

16 752 51 806 63
148 749 191 811 Tc
198 768 262 811 ουν
272 768 337 814 ποτ
341 744 484 834 ἀίτιον,
506 746 689 835 θαυμάζετ’
704 759 798 837 ίσως,
821 776 858 819 το
848 750 926 819 καί
937 776 1017 830 τους

35 839 256 923 Ὀλυνθίους
267 848 322 913 καί
331 844 409 925 τούς
419 843 659 931 Ἐρετριέαςκαί
669 845 747 928 τοὺς
755 846 902 936 Ὠρείτας
918 849 1017 935 ἥδιον

57 937 242 1024 πρόςτοὺς
256 941 342 1030 ὑπὲρ
354 951 521 1013 Φιλίππου
538 948 694 1031 λέγοντας
710 943 829 1032 ἔχειν’
807 974 828 1034 η
840 949 919 1026 τοάς
929 944 1016 1030 νπὲρ
1120 988 1125 995 -

58 1037 193 1122 αὖτοὶνς
216 1040 298 1127 ὅπερ
320 1045 375 1111 καί
394 1041 581 1130 παρ’ὑμῐν,
605 1043 656 1112 ὅτι
677 1059 746 1124 τοῖς
767 1044 828 1130 μὲν
849 1042 933 1126 ὑπὲρ
953 1053 1017 1111 τοῦ

60 1145 236 1229 βελτίστου
254 1138 407 1226 λέγουσιν
428 1139 507 1210 οὐδὲ
527 1145 741 1228 βουλομένοις
762 1149 890 1211 ἔνεστιν
910 1146 1015 1211 ένίοτε

61 1241 148 1327 πρὸς
167 1241 264 1328 χάριν
285 1240 385 1310 οὐδὲν
407 1248 525 1310 εἰπεῖν·
552 1239 593 1308 τά
613 1240 677 1325 γάρ
698 1239 861 1327 πράγματ’
885 1239 1014 1326 ἀνάγκη

62 1353 201 1409 σκοπεῖν
213 1338 302 1430 ὅπως
313 1340 515 1427 σωθήσεται·
538 1342 572 1407 οί
582 1336 614 1406 δ’
626 1341 663 1406 έν
673 1335 784 1416 αὐτοῖς
801 1333 850 1416 οἷς
864 1345 1016 1425 χαρίζον-

19 1462 53 1516 ες
62 1465 117 1507 ται
134 1446 286 1530 Φιλίππῳ
303 1440 581 1527 συμπράττουσιν.
615 1437 780 1522 είσφέρειν
798 1439 968 1520 ἐκέλευον,
985 1440 1020 1503 οί

64 1535 98 1605 δ’
111 1534 213 1605 οὐδὲν
226 1541 296 1605 δεῖν
306 1544 451 1624 ἔφασαν·
473 1545 629 1622 πολεμεῖν
646 1537 702 1602 καὶ
719 1533 763 1620 μὴ
781 1533 964 1617 πιστεύειν,
985 1537 1020 1599 οί

64 1633 98 1703 δ’
120 1634 215 1721 ἄγειν
236 1635 388 1723 είρήνην,
417 1636 478 1715 ἕως
498 1634 800 1720 ἐγκατελήφθησαν.
834 1631 937 1701 τάλλα
957 1632 1018 1699 τὸν

63 1728 170 1822 αὐτὸν
179 1733 306 1823 τρόπον
315 1734 406 1821 οἶμαι
415 1732 534 1820 πάνθ’,
556 1734 667 1820 ἵναμὴ
679 1733 760 1802 καθ’
778 1733 899 1810 ἕκαστα
915 1735 1017 1817 λέγον

63 1836 100 1899 οέ
118 1827 184 1917 μὲν,
207 1829 263 1917 ἐφ’
281 1830 404 1919 οἷςῆδη
415 1840 621 1918 χαριοῦνται,
641 1829 735 1900 ταῦτ’
750 1829 1019 1918 έλεγονκαὶέλύ-
1105 1874 1108 1878 .

61 1954 154 1999 πουν
167 1928 285 2019 οὐδὲν,
307 1936 342 2000 οἱ
350 1930 383 2000 δ’
396 1935 428 2013 ἐξ
445 1923 494 2000 οἷν
509 1931 891 2033 ἔμελλοχσωθήσεσδαι,
912 1930 1032 2015 προσ-’

51 2036 152 2121 ’ἦσαν
170 2028 205 2098 δ’
221 2028 404 2117 ἀπέχθειαι.
424 2029 529 2099 πολλὰ
541 2034 642 2101 δὲκαὶ
652 2029 692 2099 τά
703 2039 873 2099 τελευταῖα
884 2026 945 2114 οὐχ
955 2025 1018 2095 οὕ-

62 2142 128 2207 τ’ως
138 2127 216 2197 οὔτε
227 2127 309 2214 πρὸς
319 2130 417 2215 χάριν
427 2131 505 2199 οὔτε
515 2130 558 2199 δι’
579 2131 719 2216 ἀγνοιαν
735 2136 769 2200 οί
785 2132 902 2199 πολλοὶ
920 2133 1017 2212 προλ-

63 2252 156 2311 εντο,
180 2224 253 2295 ἀλλ’
265 2226 623 2317 ὑποκατακλινόμενοι,
645 2229 755 2317 ἐπειδὴ
773 2245 840 2307 τοῖς
858 2229 948 2305 ὅλοις
957 2224 1017 2311 ἡτ-

20 2327 356 2412 οστιῖσδαιένόμιζον.
380 2325 449 2414 δνή
461 2327 522 2396 τόν
532 2336 599 2396 Δία
610 2332 666 2397 καὶ
676 2330 735 2397 τὸν
743 2329 889 2398 Ἀπόλλω
899 2325 1017 2395 δέδοικ’

61 2422 127 2509 έγά
138 2421 185 2510 μὴ
197 2424 330 2543 πάθφδ’
345 2423 454 2512 ὑμεῖς,
469 2426 646 2497 έπειδάνεί
631 2432 721 2514 ίδῆτε
731 2430 767 2495 έκ
779 2434 940 2512 λογισμοῦ
954 2438 1019 2510 μη-

62 2518 241 2608 δλννμιν
224 2548 310 2591 ενον
344 2531 450 2593 καιτοι
461 2552 506 2613 μη
517 2529 660 2610 γενοιτο
672 2518 829 2611 ωανδρες
837 2525 1017 2610 Αθηναῖοι,

60 2622 101 2690 τὰ
115 2619 271 2707 πράγματ
276 2620 471 2713 ’ἐντούτῳ
493 2625 657 2693 τεθνάναι
672 2648 735 2710 γαρ
746 2648 899 2711 μυριάκις
909 2636 1020 2710 κρείτ

61 2745 120 2789 τον
139 2712 334 2809 ἦκολατείῳ
350 2750 381 2789 τι
395 2731 530 2809 ποιῆσαι
541 2729 693 2812 Φιλίππῳ
711 2724 767 2792 καὶ
777 2725 942 2808 προέσθαι
951 2727 1020 2790 τῶν
1030 2735 1082 2791 128

61 2815 183 2903 ὑπὲρ
162 2847 262 2905 υμων
280 2821 446 2905 λεγόντοιν
462 2825 562 2902 τινάς.
594 2822 703 2910 καλην
719 2849 740 2908 γ
743 2821 805 2890 ὀί
821 2823 937 2890 πολλοὶ
953 2829 1020 2889 νῦν

63 2914 288 3017 ἀπειλήφασιν
304 2920 461 3006 Ὠρειτῶν
482 2918 596 3008 χάριν,
620 2922 673 2991 ὅτι
690 2937 759 3000 τοῖς
776 2928 944 2990 Φιλίππου
960 2926 1020 3006 φί-

24 3018 594 3105 ὁσλοιςέπέτρειγαναὺτούς,τδνδ’
605 3019 944 3107 Εὐφραῖονηέάδονν
956 3046 1019 3087 κα·

61 3114 179 3203 λην
142 3143 164 3201 γ
196 3114 215 3185 ὁ
234 3117 372 3205 δῆμος’
356 3146 374 3187 ο
384 3117 634 3207 Ἐρετριέων,”
612 3147 665 3189 οτι
681 3121 760 3200 τούς
770 3119 1020 3208 μὲνὸμετέρους

62 3217 216 3303 πρέσβεις
241 3213 423 3303 ἀπήλασε,Ι
439 3220 629 3310 Κλειτάρχῳ
657 3217 688 3286 δ’
717 3223 878 3289 ἐνέδωκεν
899 3214 1018 3288 αὐτόν·
1116 3298 1119 3303 ¹

63 3315 268 3384 δουλεύουσί
275 3317 580 3405 γε”μαστιγοάμενοι
589 3322 646 3387 καὶ
658 3319 924 3407 στρεβλούμενοι.
957 3343 1020 3386 κα-

63 3417 128 3494 λῶς
141 3412 329 3483 Ὀλυνθίαν
339 3418 492 3503 έφείσατο
504 3424 574 3486 τοῖν
582 3415 644 3488 τὸν
654 3417 715 3505 μέν
725 3419 883 3504 Λασθένη
893 3419 1021 3501 ἵππαρ-
