2340 3894
145 226 209 289 266
361 222 456 282 xvul.
483 221 902 288 ΔΗΜΟΣΘΕΝΟΥΣ

12 392 30 403 ”
146 382 426 471 σύνηναύτούκα
428 378 1000 471 ὶτηνβασκανιαν,ούχῆκιαταᾶ’’
983 377 1039 466 αφ’
1053 372 1099 447 ύν

147 488 223 569 περὶ
234 509 404 604 τηςτνχης
415 483 577 567 διελέχθη
611 479 719 566 ἔχοιθ’
736 478 819 558 ὅλως
838 480 953 600 μὲν,”
932 499 1025 558 οστις
1042 479 1099 545 άν-

147 594 286 670 θρωπος
296 609 345 650 ων
356 579 528 668 άνθρύπηι
540 579 644 663 τύχην
655 583 824 664 προφέρει,
844 575 990 663 ἀνόητον
998 574 1099 662 ἡγού-

147 706 220 768 μαι·
241 679 284 768 ἣν
294 679 358 765 γὰρ
370 705 388 749 ο
376 676 550 772 βέλτιστα
564 677 721 772 πράττειν
736 682 879 762 νομίζων
895 678 952 743 καὶ
966 674 1099 761 ἀρίστην

143 787 234 866 έχειν
255 779 406 864 οἰόμενος
428 775 490 845 ούκ
512 776 602 843 οἶδεν
619 781 650 842 εί
665 790 760 861 μενεῖ
777 775 913 861 τοιαύτη
934 778 1030 862 μέχρι
1047 784 1100 862 της

147 881 302 963 ἑσπέρας,
326 885 395 954 ποις
405 875 465 961 χρὴ
479 877 554 958 περὶ
563 873 684 961 ταύτης
699 879 807 960 λέγειν
816 871 840 960 ἦ
850 884 920 954 πῶς
931 872 1099 954 ὀνειδίζειν

147 978 261 1064 ἑτέρως
295 971 405 1058 ἐπειδὴ
424 971 457 1038 δ’
469 964 567 1049 ούτος
585 972 668 1058 πρὸς
685 982 819 1052 πολλοῖς
830 972 946 1051 όίλλοις
963 975 1099 1056 καὶπερὶ

145 1073 274 1140 τούτων
284 1069 505 1156 ὑπερηφάνως
515 1078 675 1160 χρῆται
644 1098 689 1137 τω
678 1071 799 1161 λόγῳ,
812 1069 989 1155 σκέψασθ’,
1003 1100 1030 1139 ω
1043 1070 1099 1138 άν-

76 1175 80 1183 ’
146 1169 237 1256 δρες’
233 1179 416 1256 Αθηναῖοι,
439 1171 493 1236 καὶ
509 1169 734 1255 θεωρήσατε’
721 1169 792 1258 όσω.
808 1172 862 1237 καὶ
875 1168 1098 1256 ἀληθέστερον

144 1295 201 1337 και
189 1266 517 1356 ανθρωπινωτερον
528 1265 592 1353 ἐγω
604 1271 746 1355 περὶτῆς
765 1269 864 1355 τύχης
885 1270 1014 1337 τούτου
1029 1267 1097 1336 θια-

81 1367 356 1453 ιιιλεχθήσομαι.
373 1364 508 1534 ὶἔχω
472 1394 534 1452 την
556 1367 619 1452 μὲν
637 1376 695 1453 τῆς
706 1366 831 1446 πόλεως
843 1369 950 1454 τύχην
968 1366 1096 1456 ἀγαθὴν

147 1464 306 1554 ἡγοῦμαι,
329 1468 385 1534 καὶ
405 1463 501 1533 ταῦθ’
520 1464 590 1553 ὁρύ
601 1469 656 1534 καὶ
671 1464 733 1533 τόν
744 1463 857 1534 Δια
820 1493 882 1534 ,τον
894 1471 1095 1535 Δωδωναῖον

144 1563 224 1652 ἡμῖν
235 1564 499 1652 μαντευόμενον,
523 1562 586 1651 τὴν
602 1567 715 1650 μέντοι
724 1574 794 1632 τῶν
813 1567 950 1633 πάντων
964 1565 1097 1650 ἀνθρύ.

145 1687 234 1749 πων,
255 1661 488 1750 ἣνύνέπέχει,
510 1662 658 1749 χαλεπην
667 1691 723 1732 και
713 1662 864 1749 δεινήν·
888 1673 938 1742 τις
949 1690 1016 1749 γαρ
1029 1662 1094 1732 Ἑλ-

144 1758 346 1848 λη’νωνητίς
342 1762 562 1886 βαρβάρων
561 1788 603 1828 ον
594 1759 749 1831 ’πολλῶν
762 1771 877 1830 κακῶν
893 1765 932 1830 έν
949 1769 997 1852 τῷ
1016 1786 1093 1847 παρ-

80 1861 217 1933 ιιιόντι
233 1867 446 1945 πεπείραται;-
471 1858 509 1927 τό
527 1860 589 1945 μεν
605 1867 721 1927 τοίνυν
738 1861 955 1945 προελέσθαι
960 1888 1002 1928 τα
1020 1862 1092 1928 κάλ·

142 1965 236 2023 λιστα
253 1959 308 2023 και
329 1955 366 2022 τό
387 1965 456 2023 των
477 1960 664 2041 οἰηθέντων
678 1956 902 2046 Ελλήνων,ε
887 1965 918 2026 εί
938 1961 1090 2044 πρόοιντο

143 2051 243 2139 ἡμας,
268 2056 304 2120 έν
315 2051 510 2142 ενύαιμονια
528 2054 662 2140 διάξειν,
684 2055 939 2125 τούτωναύτων
961 2056 1091 2143 άμεινοι

141 2152 297 2237 πράττειν
316 2160 374 2238 τῆς
395 2150 524 2240 ἀγαθῆς
533 2155 634 2241 τύχης
649 2163 708 2241 τῆς
724 2158 851 2234 πόλεως
868 2154 955 2224 εἶναι
966 2163 1089 2275 τίθημι·

141 2275 178 2318 το
169 2247 228 2317 δὲ
245 2259 475 2338 προσκροῦσαι
491 2253 605 2320 καὶ
563 2280 607 2339 μη
626 2251 759 2322 πάνθ’
738 2281 782 2331 ως
803 2251 1089 2374 ἐβουλόμεθ”ι
1018 2267 1131 2339 ημλιιιι

142 2356 361 2436 συμβῆναι
321 2376 378 2436 της
387 2377 457 2418 των
470 2350 583 2419 ἄλλων
594 2351 801 2434 ἀνθρώπων
797 2352 898 2440 τύχης
907 2379 945 2420 το
934 2351 1090 2439 ἐπιβάλ-

141 2456 203 2515 λον
217 2445 304 2533 ἐφ’
286 2456 373 2534 ημᾶς
394 2454 492 2568 μέρος
512 2452 743 2575 μετειληφέναι
762 2445 884 2572 νομίζω
903 2476 967 2536 την
988 2450 1087 2520 πόλιν.

77 2563 130 2621 ‘255
139 2569 202 2632 την
218 2542 251 2611 δ’
265 2550 352 2619 ίδίαν
369 2545 474 2632 τύχην
490 2573 552 2633 την
571 2546 653 2633 έμην
667 2549 722 2614 καὶ
737 2573 799 2632 την
816 2546 891 2626 ένός
907 2547 1006 2635 ἡμων
1018 2550 1089 2618 ἑκά

140 2662 222 2710 στον
233 2646 269 2709 έν
281 2657 349 2720 τολς
360 2648 454 2720 ἰδίοις
464 2646 620 2725 ἐξετάζειν
632 2651 761 2714 δίκαιον
772 2645 855 2714 εἶναι
867 2655 1002 2734 νομίζω.
1030 2646 1088 2734 ἐχό

129 2742 200 2841 μεν
212 2734 276 2808 οὖν
288 2739 410 2808 οὑτωσὶ
421 2745 496 2828 περι
507 2750 565 2828 τῆς
575 2744 674 2828 τύχης
684 2744 781 2831 άξιω,
794 2743 908 2828 ὀρθως
917 2773 976 2814 και
965 2749 1089 2815 δικαί-

140 2865 200 2921 ως,
219 2864 263 2915 ως
280 2841 409 2927 έμαντω
429 2843 535 2926 δρκω,
558 2848 679 2925 νομίζω
698 2845 734 2910 δέ
753 2845 808 2911 καὶ
825 2842 920 2929 ὑμῖν·
945 2844 1016 2915 ὁδε
1035 2870 1089 2931 την

139 2942 226 3006 ἰδίαν
236 2937 341 3024 τύχην
352 2935 416 3024 τὴν
428 2936 511 3023 έμην
527 2946 585 3024 τῆς
595 2947 714 3025 κοινῆς
724 2950 782 3026 τῆς
793 2941 921 3022 πόλεως
934 2946 1099 3030 κνριωτέ·

138 3059 202 3118 ραν
214 3034 301 3103 εἷναί
308 3054 399 3122 φησι,
407 3062 470 3122 την
480 3035 604 3122 μικρὰν
615 3064 670 3104 και
660 3038 819 3124 φαύλην.
828 3038 1030 3127 τηςίιγαθῆς
1040 3042 1090 3109 καὶ

116 3213 122 3217 ,
137 3132 365 3220 μεγάλης.·καλ
378 3143 448 3214 πως
458 3141 508 3203 ’ένι
518 3145 617 3203 τοῦτο
628 3140 800 3220 χενέσθαι;

75 3258 129 3314 ηςς
221 3233 288 3300 Καὶ
304 3230 372 3319 μὴν
390 3243 422 3301 ελ
434 3259 473 3319 γε
489 3233 551 3320 τὴν
563 3232 645 3320 ἐμὴν
661 3235 765 3320 τύχην
778 3234 910 3315 πάντως
921 3238 1088 3318 ἐξετάζειν,

101 3335 107 3346 ’
138 3337 286 3418 Αἰσχίνη,
299 3347 465 3418 προαιρεῖ,
479 3331 562 3419 πρὸς
572 3332 634 3419 τὴν
648 3341 793 3402 σεαυτοῦ
804 3335 938 3420 σκόπει,
957 3333 1025 3404 κᾶν
1036 3334 1089 3404 εύ-

134 3453 197 3515 ρης
213 3429 276 3517 τὴν
291 3429 376 3518 έμίχν
394 3437 510 3519 βελτίω
531 3439 589 3518 τῆς
599 3440 675 3518 σῆς,
697 3440 822 3500 παύσω
833 3435 1088 3522 λοιδορούμενος
