2340 3894
125 203 249 249 oxmv
453 180 457 187 “
511 182 766 243 cultohotoetn

127 357 220 429 prims
237 360 281 411 est
303 359 393 411 eetote
409 352 566 409 orationum
576 367 638 422 eyus
661 352 690 406 in
709 352 821 408 caussis
838 334 967 444 publicis·
974 347 1143 420 tissimum,

129 440 167 497 (le
188 456 243 510 quo
266 438 372 495 diserto
394 442 505 495 constat
530 436 687 491 testimonio
700 435 829 507 Dionysii
848 433 937 489 Helie.
960 433 990 489 in
1004 431 1144 504 Epistol

128 525 297 581 Asnmeeum
319 527 389 594 1,4.
411 538 439 593 p.
466 524 526 579 tm.
553 498 640 586 οὗτος
662 519 905 605 (Demosthenes)
914 505 1069 591 ίγεννήθη
1089 509 1144 591 μὲν

131 598 260 701 ἐνιαυτῷ
271 595 416 683 πρότερον
427 601 482 676 τῆς
494 597 652 674 ἑκατοστῆς
674 588 905 697 όλυμιτιοιὸος,
885 616 1028 699 αργοντος
1045 593 1143 657 6111-

127 679 298 766 μοκράτους
316 691 437 762 (olymp
462 692 522 751 104,
542 691 580 757 1.)
566 682 637 757 )ει’ς
655 666 751 754 ἔτος
732 704 772 759 ην
783 676 955 760 ίμβεβηιιοος
969 677 1145 743 ἑπτακαιδέ-

129 790 231 833 κακον.
257 768 416 846 δημοσίους
431 764 464 828 δὲ
474 758 697 865 λόγουςῆρξατο
707 761 836 846 γράφειν
854 761 904 825 ἐστὶ
920 759 1145 845 Καλλιστράτου

129 848 274 960 α”ργοντος
297 858 417 951 (olymp
437 860 497 948 106,
517 856 557 923 2.)
583 841 716 911 εἰκοστόν
738 873 789 910 και
781 848 943 927 κ’ίριιτον
966 846 1043 926 ἔχων
1064 846 1144 952 λερς·

110 936 182 1011 ,καλ
205 935 285 1036 ἔστιγ
305 929 399 997 αὐτοῦ
418 935 534 1035 πρῶτος
555 935 615 994 τῶν
637 931 670 993 ἐν
688 934 867 1038 δικαστηρίῳ
884 929 1145 994 κατασκευασθέν-

37 1018 44 1029 “
129 1044 191 1085 τιον
208 1042 335 1119 αγωνοιν
352 1040 369 1077 ο
392 1008 468 1079 κατόι
484 1009 753 1116 Ἀνόροτίωνος,“
736 1040 772 1079 ον
789 1017 919 1098 γίγραφε
937 1010 1085 1098 Διοδόρρ
1101 1037 1142 1116 sp

129 1095 310 1187 κρίνοντι
281 1125 315 1164 το
331 1097 477 1180 ψήφισμα
493 1095 675 1205 παρανόμων
695 1114 747 1166 etc
771 1115 799 1163 ει
814 1125 838 1164 ο
851 1109 876 1165 t.
887 1122 915 1178 p
926 1109 986 1165 662
1004 1090 1143 1161 είιιοστόν

129 1187 183 1253 καί
204 1185 337 1285 πέμπτον
360 1186 423 1259 ἔτος
447 1184 526 1284 ἔχων
539 1179 650 1285 η’ρξατο
665 1180 875 1247 πολιτεύεσθαι
894 1181 947 1244 καί
965 1182 1146 1267 δημηγορεῖν

129 1268 183 1333 καί
206 1265 312 1351 λόγους
333 1271 374 1345 εἰς
396 1263 574 1347 δικαστήρια
591 1265 728 1351 γράφειν.
753 1276 896 1332 Archonte
915 1273 1072 1332 Callistrato
1091 1272 1146 1329 De·

130 1360 294 1417 mosthenes
318 1357 474 1417 secundum
492 1361 729 1431 computationem
748 1362 799 1416 suh
823 1360 929 1431 olymp
944 1362 989 1429 96,
1007 1363 1034 1418 4.
1059 1373 1146 1430 expo·

132 1447 212 1503 sitem
241 1461 346 1500 annum
377 1445 477 1500 aetatis
510 1446 611 1516 agebat
638 1444 826 1516 trigesimum,
856 1441 1013 1499 secundum
1040 1442 1145 1513 Diony·

132 1529 214 1600 sium,
239 1530 287 1601 qui
314 1528 530 1583 Demosthenem
556 1529 660 1600 olymp.
688 1532 731 1597 99,
755 1534 781 1586 4.
804 1533 897 1584 netum
919 1542 985 1582 esse
1007 1525 1144 1594 crederet,

132 1612 302 1687 vigesimum
325 1618 444 1668 sextum.
481 1613 547 1667 Pro·
560 1627 614 1681 quo
627 1611 703 1682 quod
718 1611 872 1685 Dionysius
884 1610 1055 1682 vigesimum
1064 1613 1145 1683 ‘quim

130 1703 189 1753 tum
206 1697 300 1768 posuit
321 1696 415 1751 multis
435 1695 536 1749 mirum
558 1695 650 1751 visum
674 1702 732 1764 est,
758 1695 810 1751 sed
828 1696 949 1765 frustm,
971 1700 1001 1750 ut
1024 1694 1144 1765 videtur,

131 1796 219 1854 quum
253 1796 310 1835 nou
335 1772 693 1848 animadvertissent‘l‘sog
720 1773 799 1853 ἔχειν
828 1778 996 1850 Dionysium
1017 1778 1075 1834 ulio
1099 1777 1146 1834 hic

132 1880 220 1922 sensu
242 1864 349 1919 dixisse
372 1878 455 1933 quam
480 1854 676 1936 ἐκβεβηκέναι
694 1858 735 1932 είς
753 1858 825 1932 ἔτος,
869 1864 941 1919 Num
963 1878 1048 1933 quum
1074 1863 1145 1917 inter

133 1950 239 2019 olymp.
262 1951 307 2017 99,
320 1951 345 2004 4.
370 1953 398 2001 et
423 1951 484 2017 106,
501 1953 529 2004 9.
546 1949 612 2003 anni
641 1950 717 2021 pleni
741 1950 797 2004 sint
816 1947 916 2019 viginti
937 1947 1070 2017 quinque,
1087 1962 1145 2001 nu·

132 2034 240 2087 merum
262 2030 339 2086 hunc
362 2036 392 2085 ut
427 2031 618 2086 rotundiorem
644 2047 751 2103 ponere
774 2034 890 2098 licebat,
914 2031 939 2086 si
965 2030 1012 2101 qui
1033 2028 1071 2085 od
1096 2044 1145 2085 eos

133 2114 302 2170 secederent
321 2130 437 2169 menses
463 2129 600 2170 annorum
628 2117 733 2188 olymp.
752 2121 796 2184 90,
812 2118 838 2173 4.
851 2120 878 2170 et
890 2118 956 2185 106
970 2120 997 2172 2.
1019 2129 1076 2169 non
1098 2128 1147 2169 ex·

133 2199 241 2271 plorent
266 2199 387 2269 spatium
417 2199 483 2252 anni
512 2199 631 2292 integri,
654 2205 684 2254 ut
710 2199 913 2256 Demosthenes
946 2198 994 2253 111ο
1021 2203 1146 2271 tempore

132 2286 211 2339 esset
236 2281 349 2354 quidem
374 2268 547 2356 ἐμβεβηκὼς
570 2277 610 2350 είς
639 2276 703 2350 ἔτος
726 2268 860 2339 εἰκοστόν
881 2275 933 2337 καλ
960 2274 1064 2353 ἕκτον,
1094 2281 1148 2338 setl

107 2374 112 2391 ’
132 2366 258 2423 nondum
277 2382 341 2422 eum
362 2382 468 2423 annum
495 2367 681 2439 explevisset:
708 2367 946 2437 quemadmodum
964 2368 1061 2438 peullo
1083 2372 1148 2422 aute

104 2505 107 2510 .
133 2453 169 2507 ab
185 2452 292 2523 olymp.
308 2454 353 2518 99,
369 2454 394 2508 4.
418 2468 508 2523 usque
531 2451 568 2507 ad
587 2457 648 2520 104,
665 2452 772 2511 Lanni
789 2453 867 2523 pleni
887 2457 1084 2523 computentur
1104 2466 1147 2506 se·

133 2533 226 2591 decim
253 2541 281 2589 et
296 2535 406 2606 septimi
430 2535 531 2590 decimi
552 2536 673 2604 initium,
696 2535 772 2607 quod
793 2534 967 2607 significatur
984 2537 1074 2591 verbo
1096 2525 1148 2608 tp-

111 2611 303 2691 ’βεβηκέναι
342 2617 434 2672 Alium
456 2618 637 2688 computandi
660 2619 774 2674 modum
800 2618 965 2675 Plutarchus
990 2625 1019 2674 el
1043 2616 1148 2675 Gellius

134 2703 222 2757 secuti
248 2730 290 2741 -
312 2699 359 2770 qui
382 2717 437 2772 quo
460 2717 534 2757 anno
559 2703 777 2759 Demosthenem
802 2711 897 2759 natum
927 2720 993 2760 esse
1019 2696 1149 2759 credide·

133 2786 188 2840 rint
208 2800 266 2839 non
289 2783 393 2838 diserte
412 2784 594 2841 dixerunt—
606 2788 759 2843 orationem
782 2787 855 2844 hanc
882 2788 956 2843 an'no
982 2787 1082 2843 aetatis
1104 2789 1148 2842 vi·

134 2868 243 2940 gesimo
275 2866 393 2937 septimo
419 2868 646 2942 adscripserunt,
670 2871 866 2929 Plutarchus
858 2888 888 2927 m
910 2871 976 2926 Vite
1003 2870 1148 2928 Demosth.

133 2968 158 3007 ο.
181 2958 225 3009 15.
248 2947 308 3007 τῶν
337 2943 369 3006 δὲ
392 2947 500 3050 δημοσί
500 2973 540 3010 mv
563 2943 579 3010 ὁ
605 2948 695 3096 μὲνὲτ
682 2944 748 3012 κατ’
777 2943 991 3030 Ἀνδροτίωνος
1015 2948 1070 3010 κοιλ
1095 2955 1147 3011 Τι-

133 3024 302 3110 μοκράτους
324 3028 376 3089 καὶ
394 3024 695 3133 Ἀριστοκράτοοςὲτ
696 3035 773 3135 ίροις
791 3027 1043 3138 ἐγρόφηοαν,”
1004 3054 1090 3096 ουτσοο
1111 3034 1149 3117 τῇ

132 3116 266 3199 πολιτεία
287 3112 558 3216 προσεληλυθότος·
587 3117 672 3179 δοκεῖ
693 3111 752 3218 γὰρ
774 3114 902 3180 (loom
881 3142 901 3198 η
929 3140 1022 3200 τριαν
1044 3117 1149 3180 δέοντα

94 3204 99 3209 ’
134 3197 186 3277 ἔτη
205 3177 506 3280 τριόκονεοιγεγονός
525 3200 687 3282 ἐξενεγκεῖν
704 3225 773 3277 τους
791 3198 897 3283 λόγους
912 3200 1056 3277 ἐκείνους.
1086 3206 1149 3263 Gel-

133 3290 189 3345 lius
211 3296 304 3344 eutem
331 3289 364 3344 N.
380 3290 414 3344 A.
434 3294 476 3359 15,
493 3296 537 3350 28.
557 3291 634 3349 Illud
648 3294 717 3350 odeo
738 3292 773 3348 ab
788 3296 933 3366 utriusque
948 3295 1071 3349 orotom's
1090 3297 1147 3348 sm·

132 3374 217 3430 οιοελι
229 3373 451 3430 animadversum
466 3381 494 3430 et
507 3380 641 3450 scriptum
656 3377 784 3450 estquod
797 3377 993 3436 Demosthenes
1008 3381 1036 3433 et
1053 3376 1148 3434 cleers

129 3460 200 3531 pori
212 3464 300 3515 aetate
313 3458 511 3517 ι’ίλιισίτισονοοε
523 3464 675 3533 orationes,
699 3464 769 3518 alter
780 3447 856 3518 κατὰ
869 3449 1086 3539 Ἀνδροτίωνος
1096 3450 1149 3515 κτλ
