2356 3870
289 239 433 306 ΚΑΤᾸ
456 244 724 307 ΦΙΛΙΠΠΟΤ
741 251 783 306 Δ.
954 245 1012 309 117

14 421 52 476 19
60 402 195 494 ᾐτιῶντ’
214 402 258 472 ἀν
273 403 378 474 αὐτὸν
388 409 589 488 Καρδιανοῖς
604 408 863 491 βεβοηθηκέναι;
886 404 929 492 μὴ
946 414 1018 475 τοί-

59 529 129 570 νυν
140 508 259 588 ζητεῖτε
270 502 385 571 ὅντινα
397 501 478 570 ἀνθ’
494 495 542 570 ών
554 510 715 581 Φίλιππος
731 506 945 588 ἐξαμαρτάνει
962 533 1015 592 μι-

60 600 179 685 σήσετε
194 601 250 668 καὶ
266 615 334 678 τοῖς
351 598 429 687 παρ’
450 603 580 668 ἐκείνου
597 607 822 686 μισθαρνοῦσι
833 602 1016 670 διασπάσα-

60 707 144 765 σθαι
160 705 392 784 παραβαλεῖτε·
414 698 489 784 μηδ’
511 696 605 765 αὐτοὶ
621 699 906 784 χειροτονήσαντες
917 701 1017 768 πόλε-

60 820 125 880 μον
140 794 307 882 βούλεσθε
324 795 402 880 παρ’
424 793 536 873 αὐτοῖς
553 794 632 880 ὑμῖν
649 799 780 880 ἐρίζειν,
803 801 833 863 εί
849 795 960 884 δέονή
970 794 1014 885 μή

59 895 140 967 δέον
156 889 244 978 ὑμᾶς
259 900 357 961 τοῦτο
375 898 601 980 πεποιηκέναι·
625 890 699 960 ἀλλ’
716 891 756 961 δν
774 895 898 973 ἐκεῖνος
915 905 1016 963 πολε-

58 991 266 1077 μεῖτρόπον,
288 1000 410 1060 τοῦτον
436 1001 607 1077 μιμεῖσθε,
629 1007 698 1070 τοῖς
716 994 776 1078 μὲν
792 989 1014 1078 ἀμυνομένοις

57 1088 123 1175 ήδη
134 1089 283 1175 χρήματα
303 1093 359 1160 καί
375 1089 478 1160 τάλλα
497 1091 587 1158 ὅσων
605 1084 734 1157 δέονται
769 1090 931 1179 διδόντες,
951 1090 1024 1159 αάέ

57 1187 112 1254 τοὶ
123 1184 155 1253 δ’
168 1190 394 1275 εἰσφέροντες,
403 1181 435 1256 ώ
447 1186 753 1280 άνδρεςἉθηυαῖοι,
765 1192 819 1256 καὶ
829 1211 1013 1272 κατασκευ-
1092 1271 1095 1276 .
1136 1248 1139 1255 .

58 1283 213 1371 αζόμενοι
224 1283 425 1370 στράτευμα,
442 1285 584 1371 τριήρεις
595 1291 737 1369 ταχείας,
755 1291 892 1370 ἵππους,
911 1293 1013 1354 ίππα-

12 1378 207 1468 ρργεογοδς,
230 1381 333 1449 τάλλα
351 1381 414 1450 ὅσα
432 1389 478 1460 είς
495 1383 656 1467 πόλεμον,
680 1384 748 1449 ἐπεὶ
769 1391 834 1449 νῦν
854 1409 891 1467 γε
912 1391 1013 1469 γέλως

58 1479 136 1548 ἔσθ’
151 1478 195 1560 ώς
205 1484 362 1567 χρώμεθα
372 1495 439 1560 τοῖς
450 1481 633 1566 πράγμασι,
655 1482 710 1546 καί
721 1485 887 1547 Φίλιππον
905 1480 935 1547 δ’
951 1481 1014 1548 αὐ-

57 1575 120 1646 τδν
130 1576 232 1647 οὐδὲν
245 1575 288 1646 ἀν
305 1579 386 1647 ἀλλο
404 1579 495 1666 οἶμαι
510 1577 555 1665 μά
567 1579 644 1657 τούς
654 1577 758 1657 θεοὺς
769 1573 928 1659 εὔξασθαι
939 1605 1014 1648 ποι-

58 1675 182 1763 εῖντήν
192 1675 322 1764 πόλινήΙ
332 1685 435 1745 ταῦτα
458 1675 480 1744 ά
490 1685 556 1745 νῦν
566 1689 703 1744 ποιεῖτε·
726 1676 917 1764 ὑστερίζετε,
931 1677 1013 1745 ἀνα-

57 1785 203 1861 λίσκετε,
215 1774 280 1867 ὅτῳ
293 1777 505 1864 παραδώσετε
516 1777 556 1845 τά
570 1777 743 1865 πράγματα
754 1784 883 1866 ζητεῖτε,
896 1784 1014 1865 δυσχε-

57 1879 206 1959 ραίνετε,
217 1873 381 1962 ἀλλήλους
392 1884 550 1945 αἰτιᾶσθε.
582 1875 641 1963 ἀφ’
656 1869 699 1944 οὗ
710 1880 745 1945 δὲ
755 1885 859 1945 ταῦτα
869 1885 1014 1964 γίγνεται

12 1996 48 2047 21
58 1971 126 2056 ἐγώ
137 1972 274 2060 διδάξω,
297 1978 352 2044 καὶ
363 1975 453 2054 ὅπως
464 1976 624 2042 παύσεται
635 1977 724 2056 λε’ξώ.
759 1975 858 2044 οὐδὲν
869 1975 1011 2060 πώποτε,
1024 1996 1075 2052 137

59 2060 217 2157 ώάνδρες
225 2069 411 2157 Ἀθηναῖοι,
432 2081 500 2140 τῶν
511 2073 714 2159 πραγμάτων
725 2077 756 2154 ἐξ
768 2073 867 2160 ἀρχῆς
879 2075 1011 2162 ἐνεστή-

45 2177 168 2237 .σασθε
179 2166 258 2236 οὐδὲ
269 2170 556 2239 κατεσκευάσασθε
568 2170 697 2256 ὄρθώς,
720 2170 802 2239 ἀλλά
822 2170 857 2239 τδ
871 2180 1013 2259 συμβαῖ-

56 2293 124 2335 νον
141 2265 192 2332 ἀεί
213 2266 361 2351 διώκετε,
384 2267 439 2335 εἶτ’
464 2268 598 2337 ἐπειδάν
618 2267 824 2354 ὑστερίσητε,
847 2269 1011 2336 παύεσθε·

55 2368 176 2446 ἕτερον
189 2361 289 2430 πάλιν
298 2360 341 2431 ἀν
352 2372 462 2452 συμβῇ
471 2392 518 2450 τι,
540 2367 829 2452 παρασκευάζεσθε
839 2369 894 2434 καὶ
905 2377 1014 2449 θορν-

12 2471 185 2551 ῃβεῖσθε.
217 2459 255 2530 τὸ
276 2461 307 2528 δ’
331 2461 393 2549 οὐχ
410 2462 516 2542 οὕτως
534 2469 612 2550 ἔχει·
635 2464 697 2532 οὐκ
718 2470 820 2532 ἔνεστι
845 2469 1014 2551 βοηθείαις

57 2564 249 2648 χρωμένους
259 2560 360 2631 οὐδὲν
370 2571 439 2630 τών
450 2563 596 2630 δεόντων
606 2567 684 2631 ποτὲ
694 2566 829 2648 πρᾶξαι,
852 2558 934 2628 ἀλλά
952 2588 1014 2628 κα-

34 2692 38 2719 =
57 2660 326 2741 τασκευάσαντας
338 2667 391 2752 δεῖ
397 2661 558 2748 δύναμιν,
580 2663 635 2728 καί
651 2659 780 2747 τροφήν
796 2659 900 2746 ταύτῃ
918 2666 1013 2745 πορίγ

57 2778 181 2839 σοντας
191 2763 246 2829 καὶ
255 2768 372 2847 ταμίας
381 2763 437 2828 καὶ
447 2765 636 2847 δημοσίους,
648 2761 703 2826 καὶ
713 2756 803 2836 ὅπως
815 2761 863 2824 ἔνι
873 2755 934 2842 τήν
944 2764 1013 2823 τών

56 2859 234 2946 χρημάτων
245 2860 399 2946 φυλακήν
409 2858 648 2946 ἀκριβεστάτην
658 2858 826 2942 γενέσθαι,
839 2852 927 2921 οὕτω
938 2878 1014 2921 ποι-

46 2953 218 3045 1ήσαυτας,
240 2955 301 3024 τὸν
319 2957 380 3043 μὲν
396 2966 465 3025 τών
481 2957 659 3043 χρημάτων
673 2954 774 3039 λόγον
785 2951 874 3038 παρά
885 2951 1014 3039 τούτων

56 3053 259 3141 λαμβάνειν,
281 3051 344 3121 τὸν
364 3053 401 3121 δὲ
416 3063 485 3121 τών
502 3059 609 3138 ἔργον
627 3050 716 3138 παρά
732 3059 793 3119 τοῦ
815 3059 1011 3139 στρατηγοῦ,

56 3155 114 3221 καὶ
130 3157 295 3239 μηδεμίαν
312 3153 481 3237 πρόφασιν
498 3159 560 3218 τοῦ
576 3157 671 3217 πλεῖν
687 3147 806 3216 άλλοσε
821 3145 842 3235 ἢ
857 3150 1014 3233 πράττειν

17 3250 139 3320 ῖῖάλλο
156 3277 189 3319 τι
206 3256 252 3340 τῷ
268 3259 441 3338 στρατηγῷ
455 3256 671 3318 καταλείπειν.
701 3243 743 3315 ἀν
761 3245 791 3314 δ’
812 3247 900 3314 οὕτω
917 3244 1012 3330 ποιή-

55 3350 210 3437 amutal
225 3346 318 3416 τοῦτ’
338 3348 517 3436 ἐθελήσητε
529 3344 578 3427 4ώς
593 3345 743 3434 ἀληθεῖς,
765 3345 860 3432 άγειν
878 3342 1013 3428 εἰρήνην

55 3451 194 3517 δικαίαν
208 3448 264 3514 καλ
280 3447 395 3531 μένειν
412 3448 465 3514 ἐπὶ
479 3454 538 3535 τῆς
553 3442 659 3514 αὑτοῦ
676 3451 843 3514 Φίλιππον
864 3439 1013 3526 ἀναγκά-
