2340 3894
276 190 402 255 nm
423 192 533 255 σου
551 193 893 262 ΣνΜΜοΡιαΝ.
1002 164 1067 265 ιον

105 356 264 440 κτημίνοι
278 358 441 423 τοιοῦτον.
451 357 564 437 ἔχουσι
578 361 670 422 νοῦν.
681 355 778 445 οἴετ’,-
797 365 828 428 εἰ
835 361 955 442 πάιπες
966 366 1000 431 οἰ
1008 364 1024 431 ἐ
1054 390 1056 395 ·

105 453 210 521 ταυθί
219 455 372 537 λέγοντες
382 458 522 538 φοβοῖεν
533 449 581 530 ῶς
589 450 659 538 ἥξει
667 456 834 544 βασιλεὺς,
843 457 1063 547 ῶςποίρεστιν,

106 552 151 633 ῶς
162 549 225 638 οὐχ
239 548 358 622 οἷόντε
369 550 463 620 ταῦτ’
477 551 586 631 ἄλλως
596 557 697 639 ἔχειν,
710 559 767 623 καί
773 556 855 643 μετὰ
866 560 1064 646 τῶνλεγόν-

105 678 175 721 τιον
196 660 263 719 ἰσοι
283 650 321 719 τό
343 656 477 737 πλῆθος»
493 651 623 729 τούτοις
639 660 880 743 χρησμῳδοῖεν,
901 659 944 728 οό
959 660 1064 746 μόνον

106 751 171 822 οὐκ
184 747 237 820 ἀν
259 753 496 836 εἰσενέγκαιεν,
519 745 592 816 ἀλλ’
617 747 692 818 οὐδ’
713 747 756 820 ἀν
774 758 912 835 δείξαιεν
928 757 999 825 οὐδ
1020 754 1089 826 ἀν’

64 865 97 918 26
106 848 349 937 ὁμολογήσαιεν
357 855 550 935 κεκτῆσθαι.
573 853 604 916 εἰ
612 851 724 934 μέντοι
734 849 774 918 τό
785 861 850 920 νῦν
861 853 916 921 διὰ
926 862 993 922 τῶν
1003 857 1063 923 λό-

104 975 176 1035 γων
195 947 324 1034 φοβεροὶ
337 954 425 1032 ἔργω
443 947 653 1032 πραττόμενα
671 958 861 1034 αἰσθοιντο,
882 949 993 1031 οόδείς
1001 952 1063 1020 013-

103 1073 171 1125 τως
186 1045 318 1131 ήλίθιός
332 1048 422 1112 ἐστιν
439 1043 530 1122 ὅστις
547 1042 615 1128 οὐχ
622 1042 709 1112 ἑτῶν
725 1042 769 1114 ἀν
785 1050 857 1134 δοίη
868 1050 924 1116 καὶ
935 1059 1062 1132 πρῶτος

105 1146 303 1228 εἰσενεγκαι·
314 1149 362 1223 τίς
376 1139 440 1228 γάρ
452 1141 621 1228 αἱρήσεται
631 1150 759 1228 μᾶλλον
770 1142 870 1226 αότός
880 1151 936 1215 καί
946 1147 986 1216 τό
997 1147 1062 1218 ὅντ’

106 1240 314 1312 ἀπολωλέναι
332 1237 354 1329 ή
373 1244 471 1327 μέρος
490 1249 561 1308 τῶν
577 1240 687 1309 όντων
704 1239 910 1325 ὑπδραὺτοῦ
927 1249 982 1315 καί
997 1256 1065 1315 τῶν

106 1349 234 1411 λοιπῶν
250 1347 462 1426 εἰσενεγκείν;
481 1339 632 1426 χρήματα
649 1338 711 1425 μὲν
727 1339 767 1428 δή
785 1368 869 1427 φημι
886 1343 970 1410 εἶναι
981 1346 1064 1428 τότε,

56 1515 57 1520 1
108 1438 152 1510 ἀν
171 1439 215 1521 ῶς
232 1439 460 1528 ἀληθῶςδέῃ,
480 1440 648 1527 πρότερον
664 1436 695 1506 δ’
709 1439 760 1507 οὔ.
784 1439 834 1507 διὸ
857 1441 940 1528 μηδὲ
961 1447 1066 1528 ζητεῖν

69 1552 98 1607 27
108 1548 276 1625 παραινῶ·
300 1538 364 1608 όσα
379 1539 444 1624 γὰρ
459 1540 539 1606 νυνί
556 1535 719 1624 πορίσαιτ’
738 1533 799 1624 ἀν,
822 1545 853 1615 εί
868 1543 1064 1628 προέλοισθε

107 1644 277 1724 ποριέειν,
294 1644 417 1705 πλείων
433 1639 501 1704 ἐστὶ
517 1641 621 1722 γέλως
637 1645 699 1705 τοῦ
714 1636 865 1724 μηδενός.
898 1643 979 1724 φέρε
988 1637 1064 1725 γάρ,

106 1737 288 1823 ἑκατοστήν
299 1763 347 1814 τις
357 1738 521 1821 εἰσφέρειν
532 1739 601 1822 ἐρεῖ
607 1743 690 1814 νῦν;
702 1733 830 1804 οὐκοῦν
840 1737 995 1822 ἑξήκοντα
1005 1738 1066 1805 τά-

106 1843 220 1905 λαντας
240 1832 325 1903 ἀλλά
336 1836 563 1922 πεντηκοστήν
572 1862 621 1914 τις
632 1838 707 1919 ἐρεῖ,
718 1835 755 1906 τό
767 1840 926 1917 διπλοῦνς
939 1834 1068 1914 οόκοῦν

106 1931 228 2003 ἑκατόν
235 1935 291 2001 καί
303 1943 423 2002 εἰκοσι·
444 1936 500 2002 καί
510 1941 544 2002 τί
551 1931 642 2002 τοῦτ’
657 1939 725 2002 ἔστι
735 1936 818 2020 πρὸς
829 1940 998 2015 διακοσίας
1009 1937 1065 2004 καί

106 2039 211 2119 χιλίοις
227 2032 414 2123 καμήλους,
436 2027 474 2111 ἀς
490 2040 622 2118 βασιλεῖ
634 2033 674 2100 τὰ
691 2033 831 2120 χρήματ’
851 2034 945 2120 ἀγειν
962 2036 1067 2122 φασίν

108 2124 222 2212 οὖτοις
242 2129 324 2198 ἀλλὰ
342 2139 398 2198 θῶ
411 2132 578 2217 βούλεσθε
597 2130 888 2217 δωδεκάτήνήμοῖς
899 2139 1066 2216 εἰσοίσειν,

107 2228 308 2310 πεντακόσια
324 2231 485 2311 vonam
506 2227 580 2297 ἀλλ’
603 2227 677 2295 οὔτ’
694 2224 739 2296 ἀν
759 2228 961 2316 ἀνάσχοισθε
978 2228 1064 2315 οὔτ’,

71 2335 137 2398 θὸεί
144 2337 332 2412 καταθεῖτε,
344 2327 419 2408 ἀξια
429 2337 490 2397 τοῦ
501 2330 648 2412 πολέμου
656 2324 697 2393 τά
707 2327 866 2413 χρήματα.
889 2333 941 2394 δεῖ
949 2335 1066 2394 τοίνυν

107 2425 200 2514 ὑμᾶς,
210 2426 252 2494 τά
269 2427 331 2511 μὲν
347 2426 433 2495 ἀλλα
449 2425 786 2513 παρασκευάσασθαι,
809 2422 850 2492 τά
868 2423 904 2492 δὲ
914 2425 1065 2512 χρήματα

109 2527 249 2612 νῶνμίεν
259 2529 319 2594 ίοὶν
330 2525 408 2605 τοδς
418 2530 639 2613 κεκτημένους
657 2529 742 2611 ἔχειν
761 2520 928 2611 (οὐδαμοῦ
944 2522 1008 2610 γὰρ
1020 2519 1065 2591 ἀν
1131 2583 1137 2593 ,

109 2628 144 2692 ἐν
165 2628 318 2692 καλλίονι
339 2626 473 2704 σῶζοιτο
492 2633 533 2713 τῇ
550 2626 677 2710 πόλει),
699 2621 759 2691 ἰόν
775 2626 815 2691 δέ
829 2622 912 2692 ποθ’
931 2615 1065 2702 οὗτοςό

109 2721 225 2810 καιρός
234 2727 329 2810 ἔλθῃ,
341 2724 414 2791 τότε
425 2724 570 2792 ἑκόντων
580 2721 806 2810 εἰσφερόντων
817 2720 929 2791 αὐτῶν
939 2720 1069 2809 λαμβά-
1077 2747 1132 2806 135

109 2849 190 2891 νειν.
224 2831 328 2890 ταῦτα
340 2825 375 2889 δὲ
385 2824 440 2890 καί
451 2823 576 2900 δυνατά
587 2825 694 2906 ἐστιν,
711 2813 746 2888 ῶ
756 2819 876 2905 ἀνδρες
885 2818 1065 2908 Ἀθηναῖοι,

109 2923 164 2989 καί
185 2920 344 3006 πράττειν
364 2919 448 2988 καλό
467 2925 522 2988 καί
537 2923 750 3007 συμφέροντα
768 2921 823 2988 καί
843 2926 975 3006 βασιλεί
991 2923 1067 3005 περί

110 3017 208 3107 ὑμῶν
225 3022 392 3107 ἐπιτήδεια
408 3017 677 3106 ἀπαγγελθῆναι,
698 3021 755 3087 καί
766 3019 872 3104 φόβος
882 3015 944 3086 οόκ
956 3015 1067 3104 ὀλίγος

74 3115 234 3205 θθγένοιτ’
250 3115 295 3186 ἀν
310 3122 424 3209 ἐκείνφ
443 3118 497 3186 διὰ
513 3118 650 3187 τούτων.
685 3117 753 3186 οἶδε
765 3121 874 3204 μένγε
886 3123 1067 3196 διακοσίαις

110 3205 295 3303 τριήρεσιν,
309 3208 358 3284 ῶν
367 3216 485 3285 ἑκατόν
495 3214 719 3307 παρεσχόμεθ’
730 3215 840 3304 ήμείς,
850 3218 930 3294 τούς
939 3216 1069 3300 προγό-

110 3342 190 3394 νους
212 3311 325 3383 αὐτοῦ’
340 3322 443 3400 χιλίας
462 3315 684 3394 ἀπολέσαντας
704 3323 803 3402 ναῦς,
833 3312 1010 3383 ἀκούσεται
1032 3317 1069 3385 δὲ

110 3421 298 3499 τριακοσίας
309 3411 433 3495 αότοός
443 3413 528 3501 ἡμᾶς
540 3424 606 3484 νῦν
616 3415 963 3500 παρεσκευασμένους·
983 3412 1069 3483 ῶστε
