2340 3894
206 226 335 289 ΠΕΡΙ
353 225 463 289 ΤΩΝ
482 227 555 289 ΕΝ
572 227 931 292 ΧΕΡΡΟΝΗΣΩΙ.
1003 229 1073 301 λθ.

64 395 183 470 9σται,
203 381 385 473 ἢπόλεμον
394 399 501 455 ποιεῖν
511 387 616 456 αὐτόν
626 388 793 475 φήσομενς
827 390 909 460 άλλά
927 391 1047 478 νήΔία

90 491 199 553 ταῦτα
209 483 518 571 μὲνὲξελέγχονται,
540 486 634 555 δεινὰ
649 495 782 556 ποιοῦσι
800 486 831 556 δ’
846 492 880 557 οί
889 491 976 568 ξένοι
984 512 1046 557 τιε-

93 582 359 670 ρικότττοντεςτά
371 583 660 675 ἑνἙλλησπόντφ,
681 589 737 655 καί
746 594 931 673 Διοπείθης
940 583 1049 660 άδικελ

90 683 300 768 κατάγων-τα
310 691 425 767 πλοῖα,
446 684 615 770 καίδελμη
628 683 921 776 ἐπιτρέπειναότῷ.
950 688 1046 769 ἔστω,

89 783 262 868 γιγνέσθω
277 788 396 867 ταῦτα,
418 779 520 850 οὐδὲν
535 780 703 866 άντιλέγω.
738 780 827 868 οἶμαι
841 787 954 870 μέντοι
964 791 1046 871 δεῖν,

91 890 185 965 είιιερ
204 878 251 958 ός
266 878 401 966 άληθῶς
418 882 470 948 ἐπὶ
487 889 567 948 πᾶσι
577 885 714 959 δικαίοις
723 888 827 950 ταῦτα
836 887 1047 970 συμβουλεύ-

58 993 84 1045 10
91 999 207 1062 οτισιν,
230 978 341 1061 ὥσπερ
356 976 419 1064 τὴν
435 977 651 1065 ὑπάρχουσαν
666 989 708 1068 τῇ
723 982 818 1050 πόλει
828 982 972 1070 δύναμιν
981 1010 1045 1053 κα-

90 1085 232 1147 ταλῦσαι
248 1082 380 1164 ζητοῦσι
395 1076 456 1146 τόν
471 1079 672 1165 ἐφεστηκότα
694 1083 749 1150 καὶ
769 1089 944 1164 πορίζοντα
963 1083 1045 1170 γρη-

91 1202 177 1263 ματα
187 1176 294 1264 ταύτῃ
304 1176 537 1263 διαβαλλοντες
546 1176 612 1244 ἐν
592 1192 688 1262 υμίυ,
706 1177 794 1245 οὕτω
804 1179 867 1264 την
876 1187 1045 1249 Φιλίππου

10 1320 17 1439 6
91 1277 239 1363 δύναμιν
248 1280 351 1356 δείξαι
361 1273 713 1362 διαλυθησομενην,
691 1303 734 1344 αν
751 1273 843 1361 ὑμεῖς
858 1285 961 1347 ταῦτα
972 1302 1044 1348 πει-

92 1382 205 1461 σθῆτε.
241 1381 272 1443 εί
287 1375 400 1462 δὲμὴ,
424 1388 575 1442 σκοπεῖτε
590 1374 642 1442 ὅτι
652 1372 753 1442 οὐδὲν
763 1375 844 1444 ἄλλο
855 1373 1044 1464 ποιοῦσινῆ

10 1472 19 1545 ’ἶ
91 1479 271 1543 καθιστᾶσι
283 1471 347 1560 τὴν
361 1473 460 1542 πόλιν
476 1480 523 1552 είς
538 1474 598 1541 τόν
614 1471 719 1541 αὐτόν
734 1473 861 1557 τρόπον
880 1472 925 1541 δι’
942 1467 986 1542 οὗ
1004 1473 1045 1543 τά

15 1554 305 1656 Ι11τιιρελθόντα
314 1572 610 1659 κράγματαάπαντ
614 1569 860 1642 ’άπολάλεκευ
895 1582 963 1641 ίστε
979 1571 1044 1659 γάρ

91 1669 360 1758 δηποῦτοῦθ,
338 1699 392 1740 οτι
401 1668 514 1739 ουδενλ
523 1696 593 1739 των
604 1671 740 1740 παντων
751 1674 854 1740 πλεον
864 1697 1045 1759 κεκρατηκε

91 1765 294 1848 Φίλιππος’“
271 1797 293 1855 η
310 1777 355 1858 τῷ
371 1770 531 1854 πρότερος
551 1767 634 1852 πρός
654 1783 722 1848 τοῖς
744 1770 913 1856 πράγμασι
933 1778 1045 1856 γίγνε-

92 1879 181 1938 σθαι.
216 1865 313 1953 όμόν
328 1866 392 1952 γάρ
410 1874 494 1953 ἔχων
503 1868 648 1954 δύναμιν
658 1883 898 1955 συνεστηκυῖαν
907 1867 959 1939 άεὶ
969 1872 1044 1957 περὶ
1088 1872 1094 1892 “’

92 1965 213 2052 αὑτὸν,
233 1968 289 2034 καί
299 1965 460 2050 προειδώς
470 1965 492 2034 δι’
502 1969 657 2055 βούλεται
668 1975 804 2056 πρᾶξαι,
819 1973 976 2057 ἐξαίφνης
986 1967 1040 2055 ἐφ’

92 2063 151 2144 οὓς
167 2060 214 2133 dv
229 2062 320 2151 αὐτῷ
338 2065 417 2152 δόξῃ
436 2065 609 2151 πάρεστιν·
631 2066 723 2153 ἡμεῖς
735 2066 765 2134 δ’
779 2066 913 2138 ἐπειδάν
923 2066 1043 2137 πυθό-

92 2164 179 2250 μεθά
190 2190 223 2231 τι
232 2162 449 2251 γιγνόμενον,
470 2175 649 2251 τηνικαῦτα
659 2166 902 2251 θορυβούμεθα
913 2169 968 2234 καὶ
978 2190 1044 2232 πα-

64 2264 374 2349 θρασκευαζόμεθα.
408 2261 468 2331 εί’τ
469 2263 609 2350 ,ίομαι,
631 2272 851 2352 συμβαίνει
819 2273 868 2330 τῦ
884 2268 944 2349 μεν
955 2260 1044 2348 ἐφ
1023 2291 1044 2329 α

92 2360 134 2432 δν
149 2369 254 2452 ἔλθη,
276 2369 358 2432 ταῦτ
362 2363 474 2448 ’ἔχειν
490 2362 573 2429 κατὰ
590 2359 752 2482 πολληυ
733 2370 889 2447 ησυχίαυ,
912 2359 992 2445 ἡμῖν
1010 2359 1043 2426 δ’

93 2460 291 2549 ὑστερίζειν,
312 2459 473 2532 καίόσα’“
450 2488 495 2528 αν
507 2445 812 2546 δαπαυησωμεν,·”
789 2483 920 2527 απαυτα
937 2458 1044 2544 μάτην
1054 2473 1090 2528 93

90 2560 313 2649 ἀνηλωκέναι,
334 2563 390 2628 καὶ
409 2585 472 2646 την
493 2559 556 2645 μεν
575 2564 701 2644 ἔχθραν
724 2559 780 2625 καὶ
801 2555 838 2624 τό
859 2555 1045 2643 βούλεσθαι

92 2658 235 2728 κωλύειν
251 2662 471 2742 ἐνδεδεῖχθαι,
494 2655 721 2743 ὑστερίζοντας
736 2657 771 2726 δε
788 2665 857 2724 τῶν
873 2661 981 2741 ἔργων
992 2661 1044 2724 αί-

91 2758 219 2844 σχόνην
228 2756 540 2842 προσοφλισκάνειν.
732 2812 737 2823 ,

60 2871 84 2925 13
172 2854 236 2941 Μὴ
249 2861 366 2922 τοίνυν
379 2853 543 2941 άγυοείτε,
566 2848 910 2940 όόυδρεςἈθηναίοι,
928 2851 978 2922 ότι
988 2855 1043 2922 καί

89 2952 270 3023 νῦντάλλα
280 2957 419 3040 μίνέστι
429 2954 524 3039 λόγοι
533 2961 636 3021 ταῦτα
646 2955 702 3022 καὶ
718 2951 916 3037 προφάσεις,
938 2949 1044 3038 πράτ-

88 3078 179 3122 τεται
199 3051 238 3121 δὲ
258 3059 357 3119 τοῦτο
378 3054 434 3120 καὶ
454 3051 744 3133 κατασκευάζεται,
767 3048 855 3126 ὅπως
869 3045 966 3133 ὑμῶν
979 3048 1042 3135 μὲν

89 3161 177 3222 οἴκοι
190 3150 380 3237 μενόντων,
401 3155 462 3231 ἔξω
479 3150 514 3219 δὲ
530 3156 689 3237 μηδεμιᾶς
705 3147 807 3234 οόσης
822 3155 862 3236 τῇ
875 3147 969 3216 πόλει
978 3150 1043 3214 δυ-

88 3248 237 3337 ια’μεως,
259 3247 341 3335 μετὰ
357 3257 508 3336 πλείστης
524 3247 660 3339 ἡσυχίας
671 3243 798 3315 ἅπανθ’
816 3245 877 3314 ὅσα
887 3243 1042 3333 βούλεται

89 3356 254 3431 Φίλιππος
276 3348 484 3436 διοικήσεται.
514 3360 670 3432 θεωρεῖτε
690 3344 755 3433 γάρ
770 3342 807 3413 τό
824 3340 933 3426 παρόν
949 3346 1042 3426 πρῶ-

52 3461 163 3537 Ητον,
184 3447 207 3519 6
221 3455 380 3538 γίγνεται.
411 3454 490 3517 υυνλ
507 3448 652 3533 δύναμιν
666 3445 816 3533 μεγάλην
826 3443 1062 3543 ἐκείνοςέγωνΙ
1144 3546 1148 3551 Ι
