2340 3894
229 220 361 282 ΠΕΡΙ
381 221 492 282 ΤΩΝ
509 223 587 284 ΕΝ
605 224 963 289 ΧΕΡΡΟΝΗΣΩΙ.
1028 223 1070 286 91

110 379 176 449 οάκ
197 373 243 467 ἦν
263 380 408 467 ἀσφαλὲς
428 385 535 468 λέγειν
558 388 594 452 ἐν
608 393 766 473 Θετταλίᾳ
784 384 825 452 τά
836 392 1004 453 Φιλίππου
1021 383 1067 470 μὴ

111 479 180 548 σὺν
202 473 244 547 εὑ
264 480 471 558 πεπονθότος
492 489 552 548 τού
573 483 726 568 πλήθους
743 490 805 550 τοῦ
827 490 1001 550 Θετταλῶν
1021 489 1069 570 τῶ

110 577 191 657 τούς
201 580 389 663 τυράννους
400 583 552 664 ἐκβαλεῖν
558 587 724 648 Φίλιππον
736 579 847 659 αὑτοῖς
857 583 913 648 καὶ
922 579 984 665 τὴν
993 585 1069 646 Ilv-

110 684 210 745 λαίαν
221 675 424 745 ἀποδοῦναι’
441 677 504 745 ούκ
514 671 558 764 ἦν
569 682 605 761 ἐν
613 679 737 765 Θήβαις
748 675 903 764 ἀσφαλὲς,
916 680 995 760 πρὶν
1005 675 1067 762 την

67 788 101 843 66
109 782 277 844 Βοιωτίαν
304 773 453 843 ἀπέδωκε
474 779 530 843 καὶ
556 775 637 854 τούς
659 780 795 855 Φωκέας
816 775 971 866 ἀνεῖλεν(
995 770 1130 845 ἀλλ’106

106 871 291 959 Ἀθήνησιν
313 869 355 940 ού
375 874 482 959 μόνον
499 871 695 959 Ἀμφίπολιν
715 879 770 944 καὶ
787 876 849 961 την
864 877 1067 956 Καρδιανῶν

109 971 224 1056 χῶραν
235 969 495 1056 ἀπεστερηκότος
506 978 683 1058 Φιλίππου,
696 971 780 1042 ἀλλά
791 974 846 1041 καὶ
857 971 1067 1040 κατασκευά-

110 1075 224 1149 ζοντος
235 1067 316 1155 ὑμῖν
335 1073 534 1156 ἐπιτείχισμα
550 1069 613 1156 την
623 1070 838 1158 Εύβοιανκαλ
850 1078 915 1138 νύν
926 1071 979 1138 ἐπὶ
995 1077 1066 1136 Βυ-

110 1167 244 1247 ζάντιον
254 1168 447 1254 παριόντος,
470 1164 616 1253 ἀσφαλές
633 1172 701 1235 ἐστι
717 1172 824 1253 λέγειν
842 1165 925 1249 ὑπὲρ
944 1173 1066 1234 Φιλίπ-

110 1264 186 1333 που.
220 1268 276 1332 καὶ
296 1266 361 1350 γάρ
382 1291 432 1331 τοι
450 1266 580 1333 τούτων
596 1266 658 1350 μὲν
673 1269 708 1333 ἐκ
726 1256 864 1350 πτωχῶν
882 1271 964 1332 ἔνιοι
980 1261 1064 1348 ταχύ

111 1364 266 1446 πλούσιοι
276 1364 434 1449 γεγόνασι
445 1366 499 1430 καὶ
510 1367 542 1442 ἐξ
554 1361 746 1447 ἀνωνύμων
761 1364 816 1429 καὶ
827 1358 956 1439 ἀδόξων
967 1365 1065 1427 ἐνδο·

111 1464 157 1540 ξοι
169 1464 225 1529 καὶ
235 1461 411 1546 γνῶριμοι,
433 1459 528 1546 ὑμεῖς
544 1464 581 1528 δὲ
590 1458 789 1528 τούναντίον
800 1462 836 1527 ἐκ
847 1459 908 1544 μὲν
919 1456 1065 1536 ἐνδόξων

112 1557 237 1641 ἄδοξοι,
260 1561 296 1626 ἐκ
319 1556 348 1625 δ’
374 1555 529 1642 εύπόρων
557 1558 691 1643 ἀποροι·
728 1558 855 1636 πόλεως
874 1555 938 1642 γὰρ
960 1561 1065 1640 ἔγωγε

112 1654 409 1742 πλούτονὴχοιῖμαι
420 1657 621 1743 συμμάχους,
632 1666 750 1743 πίστιν,
760 1655 907 1744 εύνοιαν,
916 1649 965 1724 ῶν
976 1657 1064 1723 πάν-

81 1770 177 1826 ῖῖτων
198 1751 268 1823 ἔσθ’
292 1753 386 1839 ὑμεῖς
407 1753 535 1840 ἀποροι.
562 1759 598 1822 ἐκ
619 1755 654 1823 δὲ
670 1764 732 1823 τού
749 1756 879 1823 τούτων
894 1752 1070 1839 όλιχῶρως

111 1852 194 1939 ὑμῶς
204 1858 292 1939 ἐχειν
303 1857 357 1920 καὶ
369 1857 427 1920 ἐᾶν
437 1863 540 1920 ταῦτα
552 1858 715 1939 φέρεσθαι
727 1851 745 1922 ὑ
758 1855 820 1940 μὲν
832 1852 998 1939 εὐδαίμων
1008 1853 1065 1920 καὶ

80 2036 82 2043 χ
111 1956 207 2037 μέγας
218 1949 427 2037 καῖφοβερός
437 1951 683 2039 πασινἝλλησι
693 1955 747 2020 καὶ
758 1954 955 2040 βαρβάροις,
967 1948 1063 2038 ὑμεῖς

107 2047 134 2132 δ’
140 2050 317 2135 ἐρημοικαὶ
325 2051 482 2134 ταπεινοῖ,
492 2053 598 2137 τῇμέν
610 2059 678 2118 τῶν
692 2049 802 2119 ῶνίων
812 2049 964 2140 ἀφθονία
977 2059 1064 2135 λοιμ-

111 2143 279 2232 προὶ,τῇδ’
288 2138 336 2214 ῶν
342 2157 487 2233 προσῆκε
495 2160 689 2236 παρασκευῇ
694 2152 936 2235 καταγέλαστοι.
949 2147 991 2217 ού
1001 2147 1062 2217 τόν

110 2243 1061 2333 αὑτόνδέτρόιιονπερίθ’ὑμῶνκαὶπερὶαὺτῶνένίονςτῶν

109 2348 274 2430 λεγόντων
290 2341 358 2424 ὁρῶ
376 2349 665 2431 βουλευομένους
678 2342 764 2428 ὑμᾶς
775 2344 836 2427 μὲν
846 2344 910 2426 γάρ
920 2340 1063 2427 ἡσυχίαν

109 2442 287 2528 ἀγεινφασὶ
295 2446 374 2526 δεῖν,
381 2442 446 2509 κάν
453 2469 501 2520 τις
508 2440 594 2528 ὑμᾶς
601 2441 710 2528 ἀδικῇ,
718 2439 894 2509 αύτοὶδόύ
901 2441 1062 2507 δύνανται

108 2539 179 2627 παρ’
191 2538 274 2625 ὑμῖν
282 2537 423 2626 ἡσυχίαν
430 2540 522 2626 ἀχειν
534 2539 671 2619 οὐδενός
682 2539 804 2618 αὑτούς
813 2538 1018 2616 ἀδικοῦντος.

78 2642 104 2699 68
188 2637 273 2706 Είτα
283 2642 384 2724 φησὶν
395 2636 432 2718 ὃς
443 2635 486 2706 ἀν
502 2640 583 2727 τύχη
600 2635 852 2723 παρελθῶν“ού
860 2636 926 2724 χάρ
936 2640 1063 2715 ἐθέλεις

78 2717 89 2752 ’
105 2733 276 2822 “χράφειν,
289 2735 368 2805 οὑδὲ
379 2738 599 2823 κινδυνεύειν,
612 2733 680 2805 ἀλλ’
695 2735 879 2822 ἀτολμοςεί
887 2737 942 2803 καὶ
953 2743 1057 2821 μαλα-

103 2832 207 2914 “κύς.”
242 2835 305 2920 ἐγώ
323 2837 359 2904 δὲ
376 2834 507 2920 θρασύς
523 2837 585 2921 μὲν
600 2838 655 2903 καὶ
673 2834 905 2926 βδελυρόςικαὶ
921 2831 1061 2920 ἀναιδὴς

104 2933 171 3001 οὔτ’
189 2935 256 3020 εἰμὶ
278 2935 358 3020 μήτε
375 2941 542 3020 γενοίμην,
566 2932 801 3032 ἀνδρειότερον
816 2937 929 3019 μέντοι
946 2940 1060 3020 πολλῶ

103 3033 195 3100 πάνυ
212 3040 282 3100 τῶν
299 3039 421 3118 ἰταμῶς
437 3036 702 3117 πολιτευομένων
719 3031 793 3114 παρ’
813 3028 892 3117 ὑμῖν
914 3030 1059 3117 ἐμαυτόν

68 3128 257 3217 θδὴχοῦμαι.
280 3128 370 3206 ὅστις
381 3129 441 3214 μὲν
451 3127 532 3215 γάρ,
545 3123 893 3215 ῶάνδρεςἎθηναῖοι,
906 3126 1058 3211 παριδῶν

100 3227 283 3297 ἀσυνοίσει
294 3236 334 3316 τῇ
344 3228 455 3314 πόλει,
467 3236 588 3314 κρίνει,
601 3225 750 3315 δημεύει,
764 3232 896 3313 δίδωσι,
913 3250 1057 3309 κατηχο-

99 3342 165 3414 ρεῒ,
187 3324 329 3414 ούδεμιᾷ
344 3322 432 3393 ταῦτ’
446 3324 582 3416 ἀνδρείᾳ
602 3342 703 3411 ποιεῖ,
725 3325 793 3394 ἀλλ’
805 3332 889 3411 ἔχων
898 3327 1056 3407 ἐνέχυρον

97 3435 156 3510 τῆς
166 3423 277 3492 αὑτοῦ
295 3433 456 3510 σωτηρίοις
464 3424 502 3494 τό
514 3425 599 3509 πρός
607 3427 707 3512 χάριν
716 3423 798 3511 ὑμῖν
808 3425 917 3507 λέγειν
928 3424 983 3489 καὶ
991 3444 1054 3488 πο·
1067 3433 1121 3492 Ιῖίῖ
