2340 3894
61 190 190 259 ἐει
335 193 420 252 xvu
455 185 911 269 [Δαωοεοααονε]
1010 262 1015 267 ,

125 351 215 440 ἡμῖν,
238 380 265 420 ω
253 346 404 438 ἄνδρες
417 350 642 437 Ἀθηναίοι,ε
626 357 718 431 εἰπερ
733 358 801 424 τοῖς
818 344 931 429 ὅρκοις
942 346 999 414 καί
1015 357 1137 466 ταίςειε

126 452 313 539 συνθήκαις
324 454 531 536 ἐμμενοῦμεν
542 451 597 514 καὶ
614 473 653 513 τα
643 445 777 513 δίκαια
776 445 982 610 ἶποιήσομεν,
1001 441 1050 528 ἐφ’
1063 441 1085 509 οἳ

126 548 213 637 ὑμᾶς
224 557 470 635 παρακαλοῦσι,
492 544 684 630 καθάπερ’
668 544 745 631 άρτι
760 569 775 611 ε
776 542 873 628 ἰπον,
892 541 1096 630 λαβούσιτά

127 647 215 718 ὅπλα
226 647 468 733 στρατεύεσθαι
479 647 531 713 ἐπι
540 670 621 723 τους
639 641 913 729 παραβεβηκότας
923 642 1084 726 μετὰτῶν

101 753 351 835 9βουλομένων.
384 741 407 832 ή
424 749 570 830 νομίζετε
587 741 649 811 τὸν
666 742 727 828 μὲν
743 741 864 825 καιρόν
874 738 944 807 ποτ’
957 739 1084 825 ἰσχύειν

125 850 181 914 καὶ
193 845 276 914 άνεν
293 851 355 912 τοῦ
367 849 497 911 δικαίου
512 843 549 911 τὸ
566 844 740 929 συμφέρον
754 841 925 925 πράττειν·
947 842 1025 908 νυνὶ
1037 837 1082 917 θ’,

58 962 62 969 “
126 944 171 1014 ὅτ’
187 954 232 1025 εἰς
242 943 343 1012 ταύτὸ
356 949 485 1011 δίκαιον
491 941 560 1027 ἅμα
570 943 626 1009 καί
638 940 655 1006 ὁ
668 939 782 1024 καιρὰς
792 941 847 1006 καί
857 935 894 1006 τὰ
908 932 1083 1023 συμφέρον

126 1048 415 1128 συνδεδράμηκεν,
439 1039 544 1110 άλλον
561 1041 628 1125 άρα
648 1037 722 1107 τινὰ
743 1039 868 1124 χρόνον
889 1035 1082 1122 ἀναμενεῖτε

124 1151 182 1227 τής
192 1145 276 1219 ἰδίας
287 1142 479 1226 ἐλευθερίας
491 1137 559 1226 άμα
570 1140 694 1225 καὶτῆς
711 1146 780 1206 των
790 1136 902 1206 άλλων
915 1136 1082 1221 Ἑλλήνων

123 1231 377 1326 άντιλαβέσθαις
1089 1262 1091 1266 ’

83 1359 116 1411 10
204 1336 270 1406 Ἐπ’
281 1337 362 1406 άλλο
375 1340 410 1406 δὲ
422 1343 551 1423 δίκαιον
563 1344 698 1424 ἔρχομαι
707 1345 775 1405 τῶν
786 1336 868 1404 κατά
879 1335 937 1415 τὰς
947 1337 1081 1421 συνθή-

124 1463 193 1516 κας.
226 1443 295 1505 ἔστι
312 1434 378 1524 γάρ
395 1439 644 1524 γεγραμμένον,
668 1436 727 1504 ἐάν
744 1462 832 1514 τινες
848 1432 906 1514 τάς
916 1442 1081 1513 πολιτείοις

122 1535 181 1615 τάς
200 1534 274 1620 παρ’
293 1535 441 1615 ἑκάστοις
456 1535 575 1621 οὔσας,
598 1534 654 1603 ὅτε
671 1534 749 1614 τούς
766 1535 888 1618 ὅρκους
909 1533 989 1612 τούς
1004 1534 1080 1616 περὶ

122 1643 181 1722 τῆς
203 1636 338 1724 εἰρήνης
359 1633 529 1722 ὤμνυσαν,
552 1633 772 1718 καταλύσωσι,
794 1640 973 1719 πολεμίους
995 1632 1080 1702 εἶναι

123 1741 205 1802 πάσι
215 1748 284 1814 τοίς
293 1742 352 1821 τῆς
362 1735 494 1822 εἰρήνης
505 1737 708 1820 μετέχουσιν.
733 1737 904 1823 σκέψασθε
916 1729 963 1816 θ’,
977 1725 1004 1799 ά
1016 1730 1079 1798 άν-

123 1837 200 1917 θρες
218 1830 401 1917 Ἀθηναῖοι,
425 1830 477 1899 ὅτι
494 1831 615 1918 Ἀχαιοί
637 1833 697 1918 μὲν
721 1837 755 1900 οί
773 1836 810 1898 ἐν
829 1830 1077 1918 Πελοποννήσῳ

123 1928 428 2015 ἐδημοκρατοῦντο,
450 1922 579 1998 τούτων
597 1929 628 1997 θ’
641 1935 678 1999 ἐν
689 1932 843 2019 Πελλήνῃ
860 1934 1078 1999 νύνκαταλέ·

121 2036 202 2095 λυιιε
222 2025 283 2093 τὸν
305 2030 414 2113 δῆμον
436 2028 454 2096 ὁ
476 2027 647 2097 Μακεθων
667 2029 819 2116 ἐκβαλών
840 2038 909 2098 ταῖν
931 2037 1077 2099 πολιτῶν

119 2123 198 2204 τοὺς
219 2131 402 2212 πλείστους,
424 2125 464 2194 τά
487 2126 517 2196 θ’
535 2131 672 2199 ἐκείνων
693 2145 760 2208 τοῖς
779 2133 919 2209 οἰκέταις
941 2133 1076 2216 δέδωκε,

120 2230 277 2308 Χαίρωνα
296 2224 331 2293 δὲ
348 2224 409 2294 τὸν
428 2227 614 2316 παλαιστὴν
634 2230 806 2314 τύραννον
826 2233 1074 2316 ἐγκατέστησεν.
1098 2222 1104 2233 ’

80 2352 92 2404 ι
95 2352 110 2404 1
118 2322 211 2412 ἡμεῖς
223 2326 258 2395 δὲ
267 2333 326 2413 τῆς
337 2327 468 2415 εἰρήνης
478 2333 657 2416 μετέχομεν
668 2337 725 2416 τής
735 2328 1004 2414 προσταττούσης
1014 2352 1078 2396 πο·

120 2429 254 2510 λεμίονς
264 2423 422 2514 ήγετσθαι
437 2427 516 2506 τούς
532 2437 635 2496 ταῦτα
645 2429 859 2513 πράττοντας
893 2430 929 2494 ἐκ
940 2426 982 2514 δή
994 2427 1077 2496 τού-

119 2550 187 2592 των
208 2525 353 2609 πότερον
373 2528 572 2613 πειθώμεθα
599 2543 667 2607 τοῖς
688 2541 812 2605 κοινοίς
833 2527 1075 2613 προστάγμασι,

119 2631 288 2710 πολεμίοις
311 2623 423 2704 αὐτοῖς
443 2626 623 2712 χροίμενοι,
650 2623 950 2714 ήβθελυρεύσεταί
966 2652 1016 2706 τις
1033 2625 1075 2695 ον’

84 2722 277 2809 φάσκων,
320 2723 450 2792 τούτων
470 2732 540 2791 των
561 2726 868 2811 μισθοφορούντων
894 2725 985 2811 παρὰ
1016 2734 1077 2794 τοῦ

75 2844 107 2895 12
117 2820 335 2909 Μακεδονος,
367 2828 436 2889 τῶν
462 2821 540 2942 καθ’
573 2821 669 2908 ύμων
701 2824 1076 2912 πεπλουτηκότωνςού

114 2916 179 3004 γάρ
191 2916 230 3004 δή
243 2920 367 3037 λε’ληθέ
378 2945 417 3003 γε
428 2918 555 3001 αύτούς
561 2920 662 2991 οὐδὲν
673 2925 817 2993 τούτων
836 2923 905 2993 ἀλλ’
919 2931 965 3004 εἰς
976 2922 1072 3028 τοῦθ’

117 3015 244 3102 ὕβρεως
260 3013 403 3104 ήκονσιν
424 3018 509 3088 ωστε
525 3024 817 3109 δορυφορούμενοι
832 3037 901 3104 τοίς
925 3033 989 3093 τού
1014 3014 1075 3093 τυ-

116 3116 246 3201 ράννου
275 3121 512 3202 στρατοπέδοις
533 3124 570 3189 έν
592 3120 654 3208 μὲν
672 3136 743 3201 τοῖς
764 3131 1075 3210 παραβεβασμένοις

114 3211 228 3300 ὅρκοις
238 3219 392 3304 ἐμμένειν
402 3215 757 3306 ὑμίν-διακελεύονται,
771 3222 815 3300 ως
824 3226 880 3290 καί
889 3231 948 3308 τής
959 3227 1127 3308 &awo-215

112 3323 189 3396 κίας
197 3314 446 3404 αὐτοκράτορος
457 3318 555 3400 ὄντος
564 3323 711 3408 ἐκείνου,
734 3319 813 3400 τούς
824 3320 856 3389 θ’
869 3327 976 3402 ἰδίους
986 3321 1075 3409 ὑμᾶς

114 3415 241 3500 νόμους
257 3414 481 3503 ἀναγκάζουσι
497 3420 608 3505 λύειν,
630 3418 710 3499 τούς
720 3419 788 3506 μὲν
802 3425 1023 3509 κεκριμένους
1037 3423 1075 3489 ἰν
1136 3492 1140 3498 ,
