2340 3894
140 473 524 578 onnononoarn
552 502 972 582 nnuosuuuurcn.

488 701 664 711 --.---

105 904 108 913 ¹
136 840 179 899 Ile
189 841 249 897 rire
266 845 294 896 et
308 824 420 912 scriptis
436 841 631 897 Demosthenis
649 859 721 914 quae
736 845 833 900 veleb
848 847 991 903 veteribus
1007 854 1062 905 tre-

60 924 113 981 dita
127 925 293 997 accepimus
308 926 354 979 vel
378 942 415 979 ex
432 926 521 996 ipsius
538 927 709 983 orationibus
724 929 819 1000 colligi
839 937 957 1001 possunt
974 946 1060 1002 quum

59 1010 168 1069 nullam
182 1010 340 1080 praebeant
353 1010 497 1065 materiam
513 1008 642 1077 dicendi,
661 1028 713 1066 nos
730 1029 783 1083 pro
797 1011 881 1085 hujus
900 1015 1059 1086 scriptionis

59 1093 171 1149 consilio
197 1094 353 1164 praecipua
384 1092 483 1149 harum
509 1095 703 1164 quaestionum
728 1097 821 1167 capita
850 1100 971 1154 breviter
995 1115 1060 1171 per·

59 1177 233 1235 amabimus
245 1174 401 1231 secundum
412 1182 568 1247 temporum
580 1177 708 1233 ordinem
720 1178 856 1251 disposita
870 1184 1058 1254 exclusisque,

59 1276 125 1330 quas
138 1276 204 1317 curn
220 1275 316 1315 rerum
329 1259 386 1315 tide
404 1260 553 1333 dignarum
573 1263 707 1317 memoria
722 1264 886 1333 permisceri
907 1267 1060 1322 incommo-

59 1343 120 1399 dum
142 1350 200 1412 est,
215 1345 422 1417 narrationibus
438 1346 589 1412 sabulosis,
605 1347 702 1416 quales
725 1345 759 1400 de
774 1347 960 1402 Demosthene
978 1356 1009 1404 ut
1022 1348 1059 1404 de

59 1428 118 1484 aliis
140 1428 314 1496 oratoribus,
335 1428 518 1501 ,philosophis
547 1435 574 1483 et
594 1431 687 1500 poetis
705 1431 841 1501 plurimas
865 1432 1060 1503 excogitarunt

57 1512 100 1568 vel
116 1513 151 1569 ab
170 1512 235 1568 aliis
250 1514 422 1584 excogitatas
440 1519 634 1585 propagarunt
651 1513 798 1586 biographi
816 1513 916 1570 Graeci
936 1521 1057 1581 veteres,

58 1595 305 1653 mendacissimum
318 1612 409 1666 genus
427 1597 586 1666 hominurn,
609 1599 656 1669 qui
672 1597 817 1653 historiam
831 1596 1000 1654 Graecorum
1022 1601 1058 1656 ti·

58 1679 187 1735 tereriam
211 1681 376 1737 commentis
402 1682 460 1755 suis
493 1688 549 1736 tam
577 1689 683 1737 mature
708 1682 929 1738 contaminarunt
948 1690 978 1738 ut
1000 1684 1065 1756 ianr'

59 1760 197 1819 Plutarchi
220 1769 327 1833 aetate,
352 1766 481 1835 quamuis
508 1768 600 1836 amplo
626 1767 715 1821 omnis
738 1767 851 1837 generis
868 1766 1058 1823 subsidiorum

61 1848 158 1917 quibus
172 1863 227 1903 nos
246 1846 333 1903 hodie
357 1864 486 1905 caremus
512 1855 647 1920 apparatu
669 1850 809 1919 instructi,
832 1864 902 1907 vera
922 1853 957 1906 eb
978 1852 1057 1909 falsis

61 1928 219 1987 discernere
238 1930 351 1987 difficile
372 1933 462 1987 tuerit
497 1931 568 1987 Nem
592 1949 675 2003 quum
695 1934 831 2004 plurimos
854 1949 919 1990 esse
941 1942 1058 1992 nossent

61 2014 103 2084 qui
124 2014 159 2071 de
186 2017 325 2072 clarorum
343 2015 488 2071 hominum
509 2016 566 2070 vita
586 2017 679 2071 omnia
700 2017 813 2076 minima
830 2018 953 2074 enarrari
969 2036 1056 2090 cupe-

60 2104 125 2166 rent,
141 2098 218 2170 quod
236 2115 327 2170 genus
343 2099 484 2156 scribendi
500 2097 585 2155 hodic
603 2116 713 2171 quoque
727 2102 748 2173 ¹a
762 2102 855 2157 multis
871 2101 1057 2171 expeti'vide-

59 2197 126 2250 raus,
140 2183 296 2238 curiositati
310 2183 458 2252 lectorum,
474 2183 603 2256 quiquid
619 2186 692 2238 lectu
704 2183 858 2254 jucundum
874 2191 951 2240 esset
971 2186 1057 2240 multo

59 2266 145 2338 magis
158 2282 242 2337 quam
255 2264 324 2336 quid
335 2282 426 2322 rerum
437 2268 546 2322 veritati
561 2267 801 2322 accommodatum
809 2273 982 2337 quaererent,
999 2280 1058 2321 cer-

59 2349 131 2404 tatim
147 2350 313 2405 satisfacere
336 2350 501 2405 studuerunt
517 2338 643 2408 'inventis
663 2349 789 2421 plurimis
808 2365 880 2419 quae
897 2350 944 2404 vel
960 2366 1011 2421 per
1026 2366 1058 2405 se

58 2448 153 2504 perum
169 2432 317 2490 credibilia
334 2441 428 2494 essent
442 2436 488 2490 vel
503 2435 573 2489 inter
590 2450 621 2490 se
638 2433 702 2505 ipsa
717 2438 874 2505 pugnarent
894 2434 940 2487 vel
962 2441 1058 2488 contra

60 2518 221 2573 manifestas
240 2523 396 2589 temporum
415 2519 538 2574 rationes
559 2520 718 2590 peccarent.
767 2515 928 2586 Cujusmodi
950 2517 1057 2572 labellis

62 2602 155 2670 quiite
174 2617 340 2657 succurrere
360 2602 470 2657 student
485 2608 514 2658 ut
528 2604 574 2658 vel
596 2602 699 2658 additis
719 2602 766 2657 vel
782 2599 914 2656 detractis
932 2603 979 2657 vel
999 2617 1058 2656 mu·

62 2685 118 2740 tatis
134 2687 277 2741 nonnullis
296 2687 356 2740 veri
374 2685 515 2756 quandam
531 2689 655 2756 speciem
672 2687 707 2741 iis
725 2685 887 2754 concilient,
907 2700 1008 2740 vereor
1022 2700 1058 2740 nc

61 2784 180 2838 operam,
196 2770 251 2825 nisi
270 2770 316 2825 ubi
327 2784 374 2825 res
385 2771 502 2825 testibus
518 2769 628 2826 idoneis
642 2770 743 2841 agitur,
761 2770 925 2840 plerumque
939 2769 1059 2841 perdant

62 2852 180 2924 nihilque
196 2852 275 2908 aliud
295 2859 502 2923 consequantur
523 2870 604 2926 quam
620 2860 648 2908 ut
664 2854 868 2908 narrationibus
886 2868 971 2925 quae,
989 2868 1059 2924 qua-

60 2931 97 2993 les
111 2939 146 2994 ab
167 2938 311 2993 veteribus
326 2935 442 2991 traditae
459 2944 538 3005 sunt,
555 2938 678 3009 peritiori
698 2937 801 2992 nemini
818 2935 944 2992 iraudem
966 2938 1059 2992 lacere

59 3023 177 3089 possint,
198 3022 318 3076 formem
333 3019 450 3076 induant
466 3022 601 3090 fallacem,
615 3037 687 3092 quac
699 3022 781 3076 etiam
795 3020 964 3077 doctioribus
977 3022 1059 3076 lecto·

59 3103 128 3161 ribus
144 3106 293 3177 imponere
309 3105 409 3176 possit.
