2340 3894
319 166 465 242 MTA
488 165 817 235 Φικινιιουιι,
988 168 1050 261 ιιρ

93 325 352 413 ταύτηςέκελνον
358 325 656 410 ἐπισμείνέκλόγου
665 328 720 393 καὶ
727 331 926 413 δημηγορίας
943 327 1052 409 οὐδεὶς

95 421 214 508 άμνοεί
232 422 350 508 δήπου.
381 424 437 489 καὶ
458 419 524 506 γάρ
542 426 574 490 εί
587 422 666 507 μηδ’
684 421 747 508 ἀφ’
765 427 839 505 ένδς
856 435 923 496 τών
939 427 1052 498 άλλων

56 532 60 540 ’
95 528 195 588 τοῦτο
204 528 330 604 μαθεῖν
341 517 483 585 δυ’ναταί
489 544 554 604 τις,
579 517 638 587 ώδὶ
649 523 851 606 λογισάσθω.
865 568 868 573 <
883 523 976 610 ἡμεῖς
992 523 1053 593 οὐ-

95 623 206 703 δαμοῦ
216 617 367 702 πώποτε,
380 616 467 684 ὅπου
480 618 556 699 περὶ
564 626 634 686 τών
644 621 782 688 δικαίων
792 629 896 691 εἰπεῖν
907 625 1051 710 ἐδέησεν,

93 713 287 800 ἡττήθημεν
297 711 373 782 οὐδ’
387 714 514 783 άδικείν
523 713 697 803 ἐδόξαμεν,
719 717 802 787 ἀλλά
821 720 957 788 πάντων
966 745 1053 788 παν-
1062 734 1114 789 13ν

66 821 199 898 εταμοῦ
208 820 396 898 κρατοῦμεν
406 815 461 879 καὶ
471 819 647 899 περίεσμεν
655 821 701 899 τῷ
713 815 811 904 λόγῳ.
844 809 900 901 ἆρ’
919 810 983 886 οὖν
994 813 1049 897 διά

92 909 186 979 τοῦτ’
208 915 323 1001 έκείνμ
334 912 472 998 φαύλως
482 916 546 997 έχει
557 909 597 979 τά
609 913 786 998 πράγματα
795 911 818 1000 ἦ
828 922 868 1002 τῇ
880 915 976 984 πόλει
985 942 1049 985 κα-

92 1017 174 1089 λώς;
185 1017 312 1079 πολλοῦ
322 1035 359 1095 με
370 1012 424 1078 καὶ
436 1013 500 1076 δεῖ·
523 1009 656 1078 ἐπειδάν
665 1008 730 1096 γάρ
742 1009 760 1079 ὁ
772 1013 834 1098 μὲν
842 1015 956 1101 λαβών
966 1014 1047 1099 μετὰ

90 1115 199 1176 ταῦτα
209 1112 323 1196 βαδίζῃ
333 1105 374 1175 τά
385 1106 489 1195 ὅπλα,
511 1116 592 1176 πᾶσι
601 1123 669 1188 τοῖς
680 1103 777 1177 οὖσιν
787 1115 922 1199 ἑτοίμοις
929 1119 1047 1182 κινδυ-

90 1209 242 1295 νεάσοιν,
259 1206 351 1295 ἡμεῖς
362 1209 397 1276 δὲ
407 1208 594 1292 καθώμεθα
609 1209 823 1293 είριμιότεςτά
835 1215 962 1295 δίκαια,
975 1208 1046 1280 οίδ

92 1306 284 1393 ἀκηκοότες,
295 1303 552 1392 είκότως,ὀίμαι,
561 1304 640 1383 τοὺς
650 1307 771 1391 λόγους
781 1307 821 1374 τά
831 1314 911 1394 ἔργα
922 1312 1048 1394 παρέρ-

90 1430 200 1490 χεται,
220 1407 277 1473 καί
291 1409 510 1490 προσέχουσιν
527 1401 671 1483 άπαντες
688 1402 749 1489 οὐχ
760 1401 807 1482 οἷς
818 1408 953 1491 εἴπομέν
963 1413 1044 1473 ποθ’

91 1501 187 1591 ἡμεῖς
204 1507 341 1583 δικαίοις
356 1499 380 1589 ἢ
396 1511 462 1570 νῦν
478 1498 521 1570 άν
539 1513 704 1588 εἴποιμεν,
727 1502 799 1571 ἄλλ’
818 1498 867 1582 οἷς
877 1511 1046 1589 ποιοῦμεν.

93 1607 164 1669 ἔστι
181 1600 218 1668 δὲ
236 1607 339 1668 ταῦτα
355 1598 478 1670 οὐδένα
495 1607 564 1668 τών
575 1598 804 1687 ἀδικουμένων
814 1602 931 1684 σώζειν
943 1601 1048 1670 δυνά-

64 1723 192 1785 ςμενα·
204 1697 350 1768 οὐδὲν
383 1704 516 1768 δείπλεί
501 1698 865 1786 ίωπερὶαύτώνλέγειν.
881 1701 1048 1786 τοιγάρτοι

90 1782 344 1921 διεστηκότμνέ
328 1799 454 1867 εδάο
469 1806 573 1867 ταῦτα
588 1807 658 1867 τών
677 1804 715 1868 έν
734 1814 804 1879 ταῖς
825 1800 956 1883 πόλεσι,
978 1802 1048 1868 τών

89 1898 160 1983 μὲν
174 1903 221 1976 είς
241 1898 279 1964 τὸ
299 1899 391 1984 μήτε
402 1897 514 1983 άρχειν
529 1905 585 1985 βίμ
602 1898 788 1991 βούλεσθαι
803 1896 946 1984 μηδενὸς
964 1897 1046 1984 μήτε

89 1994 267 2065 δουλευειν
277 1994 384 2085 αλλώ
406 1993 478 2063 ἄλλ’
496 1999 535 2064 έν
551 1999 725 2085 ἐλευθερία
736 1997 842 2065 καὶ
800 2022 916 2083 νομοις
926 1999 958 2076 έξ
969 2006 1045 2065 ίσον

89 2083 341 2176 πολιτεύεσθαι,
361 2099 430 2160 τών
447 2090 478 2159 δ’
500 2092 594 2171 είς
560 2119 597 2161 το
615 2092 727 2179 άρχειν
744 2094 804 2180 μὲν
821 2104 890 2162 τών
900 2103 1045 2164 πολιτῶν

89 2189 466 2287 διιθυμελν,έτέρμδ”
448 2191 642 2275 υπακοάειν,
655 2190 732 2258 δι”’
712 2218 793 2260 οτου
803 2191 876 2260 ποτ’
892 2220 935 2260 αν
945 2203 1047 2260 olom·

89 2315 144 2358 ται
152 2315 254 2358 τουτο
266 2288 387 2375 δυνησε
481 2293 878 2375 ποιῆσαμοίτῆςέκείνον
888 2288 1058 2375 προαιρέ-Ι

89 2408 233 2473 oms-‚o
214 2393 249 2456 οί
266 2392 428 2474 τυραννίδ
520 2388 555 2454 αὶ
572 2391 775 2455 δυναστειών
792 2388 1044 2472 ἐπιθυμοῦντες,

17 2543 23 2550 .
88 2487 466 2608 κνκρνιτήκασιπαιρνιμο
524 2486 976 2571 αὶπόλιςδημοκρατουμένη
988 2491 1046 2569 βε-

89 2592 194 2673 βαίοις
214 2582 278 2652 οὐκ
300 2582 364 2652 οἷδ’
388 2594 456 2651 εέτ
496 2603 569 2651 εστι
584 2590 653 2650 τών
670 2590 787 2651 πασών
803 2579 901 2668 λοιπὴ
918 2578 1044 2668 πληνὴ
1097 2620 1105 2650 ι

64 2682 242 2770 οὴμετίρα.
275 2684 330 2749 καί
347 2682 590 2768 κεκρατήκασιν
611 2685 646 2750 οί
666 2678 710 2749 δι’
728 2685 859 2749 ἐκείνου
874 2679 933 2761 τάς
950 2688 1046 2749 πολι-

90 2787 180 2860 τείας
200 2779 396 2875 ποιούμενοι
415 2789 533 2865 πασιν,
553 2780 643 2860 ὅσοις
663 2780 838 2867 πράγματα
860 2780 1045 2868 πράττεται,

90 2879 214 2968 πρώτῳ
232 2879 294 2964 μὲν
303 2878 440 2946 πάντων
456 2884 510 2946 καὶ
528 2885 668 2968 πλείστῳ
684 2885 731 2969 τῷ
747 2891 815 2958 τοῖς
831 2880 1048 2965 βουλομένοις

89 2978 241 3066 χρήματα
257 2977 440 3064 λαμβάνειν
456 2983 541 3064 ἔχειν
561 2974 623 3046 τὸν
643 2978 794 3066 δώσοντα
814 2973 899 3061 ὑπὲρ
921 2975 1046 3062 αάτών,

35 3099 41 3107 ·
92 3079 237 3164 δευτέρῳ
248 3074 284 3143 δὲ
293 3077 351 3144 καὶ
361 3074 461 3143 οὐδέν
471 3076 619 3145 ἐλάττονι
629 3075 751 3144 τούτου
760 3082 808 3165 τῷ
825 3075 967 3162 δύναμιν
983 3076 1047 3162 τὴν

90 3176 406 3260 καταστρεψομένην
420 3172 500 3252 τοὺς
516 3176 790 3260 ἐναντιουμένους
805 3170 920 3259 αὐτοῖς
939 3175 976 3240 έν
997 3168 1046 3249 οἷς

66 3267 136 3350 σάν
146 3272 307 3360 αἰτήσωσι
316 3272 448 3359 χρόνοις
458 3285 619 3358 παρεῖναι.
647 3268 738 3358 ἡμεῖς
750 3267 782 3338 δ’
795 3267 838 3338 οὐ
846 3267 954 3356 μόνον
964 3267 1045 3334 τοτ’·

91 3367 449 3520 τοιςυδτολμπβμιείῖα,
472 3364 501 3440 ώ
520 3369 640 3459 ἄνδρες
659 3368 830 3457 Ἀθηναῖοι
837 3418 847 3452 ,
869 3363 943 3519 ά8λλ’
967 3361 1043 3432 οὐδ’

187 3474 271 3519 τοισιν
291 3502 298 3517 .
337 3467 382 3526 ὀ.
409 3507 416 3521 .
