<?xml version="1.0" encoding="UTF-8"?>
<!DOCTYPE html PUBLIC "-//W3C//DTD XHTML 1.0 Transitional//EN"
    "http://www.w3.org/TR/xhtml1/DTD/xhtml1-transitional.dtd">
<html xmlns="http://www.w3.org/1999/xhtml" xml:lang="en" lang="en">
 <head>
  <title>
</title>
<meta http-equiv="Content-Type" content="text/html;charset=utf-8" />
  <meta name='ocr-system' content='tesseract 3.04.00' />
  <meta name='ocr-capabilities' content='ocr_page ocr_carea ocr_par ocr_line ocrx_word'/>
</head>
<body>
  <div class='ocr_page' id='page_1' title='image "./orationesexrece03demogoog_0282.png"; bbox 0 0 2340 3894; ppageno 0'>
   <div class='ocr_carea' id='block_1_1' title="bbox 341 179 1071 247">
    <p class='ocr_par' dir='ltr' id='par_1_1' title="bbox 341 179 1071 247">
     <span class='ocr_line' id='line_1_1' title="bbox 341 179 1071 247; baseline 0.001 -5"><span class='ocrx_word' id='word_1_1' title='bbox 341 179 487 245; x_wconf 85' lang='grc' dir='ltr'><em>ΚΑΤΑ</em></span> <span class='ocrx_word' id='word_1_2' title='bbox 510 180 783 247; x_wconf 69' lang='grc' dir='ltr'><em>ΦΙΛΙΠΠΟῬ</em></span> <span class='ocrx_word' id='word_1_3' title='bbox 802 184 843 244; x_wconf 89' lang='grc' dir='ltr'><strong><em>Δ.</em></strong></span> <span class='ocrx_word' id='word_1_4' title='bbox 1008 181 1071 244; x_wconf 77' lang='lat'><strong><em>125</em></strong></span> 
     </span>
    </p>
   </div>
   <div class='ocr_carea' id='block_1_2' title="bbox 73 337 1136 3392">
    <p class='ocr_par' dir='ltr' id='par_1_2' title="bbox 73 337 1136 3392">
     <span class='ocr_line' id='line_1_2' title="bbox 112 337 1073 431; baseline 0 -21"><span class='ocrx_word' id='word_1_5' title='bbox 112 351 184 427; x_wconf 90' lang='grc' dir='ltr'><strong><em>ναι)</em></strong></span> <span class='ocrx_word' id='word_1_6' title='bbox 207 339 291 416; x_wconf 87' lang='grc' dir='ltr'><strong><em>άλλά</em></strong></span> <span class='ocrx_word' id='word_1_7' title='bbox 312 337 418 408; x_wconf 84' lang='grc' dir='ltr'><strong><em>πολλά</em></strong></span> <span class='ocrx_word' id='word_1_8' title='bbox 441 342 496 408; x_wconf 82' lang='grc' dir='ltr'><strong><em>καὶ</em></strong></span> <span class='ocrx_word' id='word_1_9' title='bbox 513 340 711 409; x_wconf 81' lang='grc' dir='ltr'><strong><em>παντοδαπά</em></strong></span> <span class='ocrx_word' id='word_1_10' title='bbox 729 345 766 410; x_wconf 84' lang='grc' dir='ltr'><strong><em>ἐκ</em></strong></span> <span class='ocrx_word' id='word_1_11' title='bbox 783 342 905 422; x_wconf 83' lang='grc' dir='ltr'><strong><em>παντὸς</em></strong></span> <span class='ocrx_word' id='word_1_12' title='bbox 922 342 1073 431; x_wconf 82' lang='grc' dir='ltr'><strong><em>ἡμαρτη-</em></strong></span> 
     </span>
     <span class='ocr_line' id='line_1_3' title="bbox 111 429 1099 527; baseline 0 -19"><span class='ocrx_word' id='word_1_13' title='bbox 111 442 197 527; x_wconf 88' lang='grc' dir='ltr'><strong><em>μίνα</em></strong></span> <span class='ocrx_word' id='word_1_14' title='bbox 209 446 271 508; x_wconf 85' lang='grc' dir='ltr'><strong><em>τοῦ</em></strong></span> <span class='ocrx_word' id='word_1_15' title='bbox 280 438 405 526; x_wconf 83' lang='grc' dir='ltr'><strong><em>χρόνον</em></strong></span> <span class='ocrx_word' id='word_1_16' title='bbox 412 489 421 523; x_wconf 92' lang='grc'><strong><em>,</em></strong></span> <span class='ocrx_word' id='word_1_17' title='bbox 445 429 492 505; x_wconf 84' lang='grc' dir='ltr'><strong><em>ῶν</em></strong></span> <span class='ocrx_word' id='word_1_18' title='bbox 503 437 540 506; x_wconf 88' lang='grc' dir='ltr'><strong><em>τδ</em></strong></span> <span class='ocrx_word' id='word_1_19' title='bbox 552 437 632 506; x_wconf 87' lang='grc' dir='ltr'><strong><em>καθ’</em></strong></span> <span class='ocrx_word' id='word_1_20' title='bbox 654 441 793 507; x_wconf 79' lang='grc' dir='ltr'><strong><em>ἕκαστον</em></strong></span> <span class='ocrx_word' id='word_1_21' title='bbox 804 441 902 519; x_wconf 83' lang='grc' dir='ltr'><strong><em>ἐάσας</em></strong></span> <span class='ocrx_word' id='word_1_22' title='bbox 920 445 972 521; x_wconf 75' lang='grc' dir='ltr'><strong><em>ἓν,</em></strong></span> <span class='ocrx_word' id='word_1_23' title='bbox 995 439 1073 519; x_wconf 77' lang='grc' dir='ltr'><strong><em>εἰςδ</em></strong></span> <span class='ocrx_word' id='word_1_24' title='bbox 1096 458 1099 463; x_wconf 80' lang='grc'><strong>’</strong></span> 
     </span>
     <span class='ocr_line' id='line_1_4' title="bbox 112 534 1072 623; baseline -0.003 -16"><span class='ocrx_word' id='word_1_25' title='bbox 112 539 223 607; x_wconf 88' lang='grc' dir='ltr'><strong><em>πάντα</em></strong></span> <span class='ocrx_word' id='word_1_26' title='bbox 235 545 414 621; x_wconf 80' lang='grc' dir='ltr'><strong><em>συντείνει,</em></strong></span> <span class='ocrx_word' id='word_1_27' title='bbox 432 543 530 620; x_wconf 81' lang='grc' dir='ltr'><strong><em>λέξω,</em></strong></span> <span class='ocrx_word' id='word_1_28' title='bbox 549 540 680 623; x_wconf 80' lang='grc' dir='ltr'><strong><em>δεηθεὶς</em></strong></span> <span class='ocrx_word' id='word_1_29' title='bbox 691 537 803 623; x_wconf 85' lang='grc' dir='ltr'><strong><em>ὑμῶν,</em></strong></span> <span class='ocrx_word' id='word_1_30' title='bbox 821 534 864 606; x_wconf 85' lang='grc' dir='ltr'><strong><em>άν</em></strong></span> <span class='ocrx_word' id='word_1_31' title='bbox 874 542 958 623; x_wconf 84' lang='grc' dir='ltr'><strong><em>λέγω</em></strong></span> <span class='ocrx_word' id='word_1_32' title='bbox 969 535 1072 622; x_wconf 85' lang='grc' dir='ltr'><strong><em>τάλη-</em></strong></span> 
     </span>
     <span class='ocr_line' id='line_1_5' title="bbox 111 634 1072 724; baseline -0.001 -19"><span class='ocrx_word' id='word_1_33' title='bbox 111 645 160 723; x_wconf 85' lang='grc' dir='ltr'><strong><em>θῆ</em></strong></span> <span class='ocrx_word' id='word_1_34' title='bbox 171 634 468 723; x_wconf 83' lang='grc' dir='ltr'><strong><em>μετάπαρρησίας,</em></strong></span> <span class='ocrx_word' id='word_1_35' title='bbox 486 637 589 723; x_wconf 76' lang='grc' dir='ltr'><strong><em>μηδὲν</em></strong></span> <span class='ocrx_word' id='word_1_36' title='bbox 600 636 813 723; x_wconf 76' lang='grc' dir='ltr'><strong><em>ἀχθεσθῆναί</em></strong></span> <span class='ocrx_word' id='word_1_37' title='bbox 819 665 885 724; x_wconf 94' lang='grc' dir='ltr'><strong><em>μοι.</em></strong></span> <span class='ocrx_word' id='word_1_38' title='bbox 908 641 1072 720; x_wconf 78' lang='grc' dir='ltr'><strong><em>πέπραται</em></strong></span> 
     </span>
     <span class='ocr_line' id='line_1_6' title="bbox 110 733 1070 823; baseline -0.003 -18"><span class='ocrx_word' id='word_1_39' title='bbox 110 735 152 805; x_wconf 85' lang='grc' dir='ltr'><strong><em>τά</em></strong></span> <span class='ocrx_word' id='word_1_40' title='bbox 164 739 382 823; x_wconf 79' lang='grc' dir='ltr'><strong><em>συμφέροντα</em></strong></span> <span class='ocrx_word' id='word_1_41' title='bbox 392 733 448 821; x_wconf 81' lang='grc' dir='ltr'><strong><em>ἐφ’</em></strong></span> <span class='ocrx_word' id='word_1_42' title='bbox 461 736 602 803; x_wconf 77' lang='grc' dir='ltr'><em>ἑκάστου</em></span> <span class='ocrx_word' id='word_1_43' title='bbox 612 744 681 803; x_wconf 86' lang='grc' dir='ltr'><strong><em>τῶν</em></strong></span> <span class='ocrx_word' id='word_1_44' title='bbox 692 743 834 822; x_wconf 87' lang='grc' dir='ltr'><strong><em>καιρῶν,</em></strong></span> <span class='ocrx_word' id='word_1_45' title='bbox 854 737 909 804; x_wconf 81' lang='grc' dir='ltr'><strong><em>καὶ</em></strong></span> <span class='ocrx_word' id='word_1_46' title='bbox 920 736 1070 821; x_wconf 85' lang='grc' dir='ltr'><strong><em>μετειλή-</em></strong></span> 
     </span>
     <span class='ocr_line' id='line_1_7' title="bbox 112 826 1072 921; baseline 0 -20"><span class='ocrx_word' id='word_1_47' title='bbox 112 861 199 921; x_wconf 89' lang='grc' dir='ltr'><strong><em>φατε</em></strong></span> <span class='ocrx_word' id='word_1_48' title='bbox 215 831 310 920; x_wconf 81' lang='grc' dir='ltr'><strong><em>ὑμεῖς</em></strong></span> <span class='ocrx_word' id='word_1_49' title='bbox 326 834 387 921; x_wconf 72' lang='grc' dir='ltr'><strong><em>μὲν</em></strong></span> <span class='ocrx_word' id='word_1_50' title='bbox 403 833 465 920; x_wconf 87' lang='grc' dir='ltr'><strong><em>τήν</em></strong></span> <span class='ocrx_word' id='word_1_51' title='bbox 482 832 604 920; x_wconf 83' lang='grc' dir='ltr'><strong><em>σχολήν</em></strong></span> <span class='ocrx_word' id='word_1_52' title='bbox 620 836 676 903; x_wconf 80' lang='grc' dir='ltr'><strong><em>καὶ</em></strong></span> <span class='ocrx_word' id='word_1_53' title='bbox 691 832 754 920; x_wconf 84' lang='grc' dir='ltr'><strong><em>τήν</em></strong></span> <span class='ocrx_word' id='word_1_54' title='bbox 765 833 922 921; x_wconf 77' lang='grc' dir='ltr'><strong><em>ἡσυχίαν,</em></strong></span> <span class='ocrx_word' id='word_1_55' title='bbox 944 831 1007 919; x_wconf 79' lang='grc' dir='ltr'><strong><em>ὑφ’</em></strong></span> <span class='ocrx_word' id='word_1_56' title='bbox 1023 826 1072 901; x_wconf 81' lang='grc' dir='ltr'><strong><em>ῶν</em></strong></span> 
     </span>
     <span class='ocr_line' id='line_1_8' title="bbox 113 929 1072 1023; baseline -0.003 -22"><span class='ocrx_word' id='word_1_57' title='bbox 113 936 333 1023; x_wconf 77' lang='grc' dir='ltr'><strong><em>κεκηλημένοι</em></strong></span> <span class='ocrx_word' id='word_1_58' title='bbox 349 946 418 1010; x_wconf 82' lang='grc' dir='ltr'><strong><em>τοῖς</em></strong></span> <span class='ocrx_word' id='word_1_59' title='bbox 438 929 611 1001; x_wconf 81' lang='grc' dir='ltr'><strong><em>ἀδικοῦσιν</em></strong></span> <span class='ocrx_word' id='word_1_60' title='bbox 633 930 675 1001; x_wconf 83' lang='grc' dir='ltr'><strong><em>οὐ</em></strong></span> <span class='ocrx_word' id='word_1_61' title='bbox 695 941 820 1018; x_wconf 77' lang='grc' dir='ltr'><strong><em>πικρῶς</em></strong></span> <span class='ocrx_word' id='word_1_62' title='bbox 840 939 943 1019; x_wconf 69' lang='grc' dir='ltr'><strong><em>ἔχετε,</em></strong></span> <span class='ocrx_word' id='word_1_63' title='bbox 965 935 1072 1018; x_wconf 78' lang='grc' dir='ltr'><strong><em>ἕτεροι</em></strong></span> 
     </span>
     <span class='ocr_line' id='line_1_9' title="bbox 73 1029 1073 1119; baseline 0 -21"><span class='ocrx_word' id='word_1_64' title='bbox 73 1046 106 1098; x_wconf 79' lang='grc'><strong><em>55</em></strong></span> <span class='ocrx_word' id='word_1_65' title='bbox 115 1032 151 1101; x_wconf 74' lang='grc' dir='ltr'><strong><em>δὲ</em></strong></span> <span class='ocrx_word' id='word_1_66' title='bbox 161 1030 222 1110; x_wconf 79' lang='grc' dir='ltr'><strong><em>τὰς</em></strong></span> <span class='ocrx_word' id='word_1_67' title='bbox 232 1030 328 1117; x_wconf 85' lang='grc' dir='ltr'><strong><em>τιμάς</em></strong></span> <span class='ocrx_word' id='word_1_68' title='bbox 338 1037 479 1118; x_wconf 80' lang='grc' dir='ltr'><strong><em>ἔχουσιν.</em></strong></span> <span class='ocrx_word' id='word_1_69' title='bbox 513 1033 569 1099; x_wconf 81' lang='grc' dir='ltr'><strong><em>καὶ</em></strong></span> <span class='ocrx_word' id='word_1_70' title='bbox 579 1030 620 1098; x_wconf 82' lang='grc' dir='ltr'><strong><em>τά</em></strong></span> <span class='ocrx_word' id='word_1_71' title='bbox 632 1032 693 1116; x_wconf 81' lang='grc' dir='ltr'><strong><em>μὲν</em></strong></span> <span class='ocrx_word' id='word_1_72' title='bbox 703 1031 891 1119; x_wconf 74' lang='grc' dir='ltr'><strong><em>περλτάλλα</em></strong></span> <span class='ocrx_word' id='word_1_73' title='bbox 902 1029 966 1101; x_wconf 84' lang='grc' dir='ltr'><strong><em>οὐκ</em></strong></span> <span class='ocrx_word' id='word_1_74' title='bbox 976 1030 1073 1112; x_wconf 78' lang='grc' dir='ltr'><strong><em>ἄξιον</em></strong></span> 
     </span>
     <span class='ocr_line' id='line_1_10' title="bbox 114 1127 1136 1217; baseline 0.003 -18"><span class='ocrx_word' id='word_1_75' title='bbox 114 1129 264 1210; x_wconf 77' lang='grc' dir='ltr'><strong><em>ἐξετάσαι</em></strong></span> <span class='ocrx_word' id='word_1_76' title='bbox 279 1135 360 1198; x_wconf 81' lang='grc' dir='ltr'><strong><em>νῦν·</em></strong></span> <span class='ocrx_word' id='word_1_77' title='bbox 383 1127 456 1197; x_wconf 75' lang='grc' dir='ltr'><strong><em>ἀλλ’</em></strong></span> <span class='ocrx_word' id='word_1_78' title='bbox 477 1130 612 1198; x_wconf 83' lang='grc' dir='ltr'><strong><em>ἐπειδάν</em></strong></span> <span class='ocrx_word' id='word_1_79' title='bbox 622 1156 654 1198; x_wconf 93' lang='grc' dir='ltr'><strong><em>τι</em></strong></span> <span class='ocrx_word' id='word_1_80' title='bbox 663 1138 732 1199; x_wconf 89' lang='grc' dir='ltr'><strong><em>τῶν</em></strong></span> <span class='ocrx_word' id='word_1_81' title='bbox 742 1129 825 1217; x_wconf 82' lang='grc' dir='ltr'><strong><em>πρὸς</em></strong></span> <span class='ocrx_word' id='word_1_82' title='bbox 837 1137 1003 1198; x_wconf 87' lang='grc' dir='ltr'><strong><em>Φίλιππον</em></strong></span> <span class='ocrx_word' id='word_1_83' title='bbox 1014 1134 1072 1217; x_wconf 79' lang='grc' dir='ltr'><strong><em>ἐμ-</em></strong></span> <span class='ocrx_word' id='word_1_84' title='bbox 1083 1147 1136 1202; x_wconf 72' lang='lat'><strong><em>146</em></strong></span> 
     </span>
     <span class='ocr_line' id='line_1_11' title="bbox 115 1225 1072 1316; baseline 0.002 -19"><span class='ocrx_word' id='word_1_85' title='bbox 115 1232 216 1316; x_wconf 76' lang='grc' dir='ltr'><strong><em>πίση,</em></strong></span> <span class='ocrx_word' id='word_1_86' title='bbox 239 1225 346 1308; x_wconf 72' lang='grc' dir='ltr'><strong><em>εὐθὺς</em></strong></span> <span class='ocrx_word' id='word_1_87' title='bbox 362 1227 507 1307; x_wconf 88' lang='grc' dir='ltr'><strong><em>άναστάς</em></strong></span> <span class='ocrx_word' id='word_1_88' title='bbox 523 1254 573 1308; x_wconf 83' lang='grc' dir='ltr'><strong><em>τις</em></strong></span> <span class='ocrx_word' id='word_1_89' title='bbox 591 1233 679 1313; x_wconf 84' lang='grc' dir='ltr'><strong><em>λέγει</em></strong></span> <span class='ocrx_word' id='word_1_90' title='bbox 695 1227 739 1308; x_wconf 85' lang='grc' dir='ltr'><strong><em>ῶς</em></strong></span> <span class='ocrx_word' id='word_1_91' title='bbox 755 1228 797 1296; x_wconf 79' lang='grc' dir='ltr'><strong><em>οὐ</em></strong></span> <span class='ocrx_word' id='word_1_92' title='bbox 811 1235 863 1297; x_wconf 80' lang='grc' dir='ltr'><strong><em>δεῖ</em></strong></span> <span class='ocrx_word' id='word_1_93' title='bbox 871 1238 984 1316; x_wconf 87' lang='grc' dir='ltr'><strong><em>ληρεῖν</em></strong></span> <span class='ocrx_word' id='word_1_94' title='bbox 994 1227 1072 1298; x_wconf 75' lang='grc' dir='ltr'><strong><em>οὐδὲ</em></strong></span> 
     </span>
     <span class='ocr_line' id='line_1_12' title="bbox 114 1324 1075 1415; baseline 0.001 -20"><span class='ocrx_word' id='word_1_95' title='bbox 114 1327 261 1414; x_wconf 76' lang='grc' dir='ltr'><strong><em>γράφειν</em></strong></span> <span class='ocrx_word' id='word_1_96' title='bbox 278 1327 441 1413; x_wconf 87' lang='grc' dir='ltr'><strong><em>πόλεμον,</em></strong></span> <span class='ocrx_word' id='word_1_97' title='bbox 465 1328 629 1411; x_wconf 78' lang='grc' dir='ltr'><strong><em>παραθεὶς</em></strong></span> <span class='ocrx_word' id='word_1_98' title='bbox 640 1324 766 1406; x_wconf 77' lang='grc' dir='ltr'><strong><em>εὐθέως</em></strong></span> <span class='ocrx_word' id='word_1_99' title='bbox 777 1329 849 1414; x_wconf 82' lang='grc' dir='ltr'><strong><em>ἑξῆς</em></strong></span> <span class='ocrx_word' id='word_1_100' title='bbox 859 1327 896 1404; x_wconf 80' lang='grc' dir='ltr'><strong><em>τὸ</em></strong></span> <span class='ocrx_word' id='word_1_101' title='bbox 909 1328 972 1415; x_wconf 84' lang='grc' dir='ltr'><strong><em>τήν</em></strong></span> <span class='ocrx_word' id='word_1_102' title='bbox 983 1328 1075 1415; x_wconf 87' lang='grc' dir='ltr'><strong><em>είρή-</em></strong></span> 
     </span>
     <span class='ocr_line' id='line_1_13' title="bbox 115 1423 1075 1513; baseline 0 -19"><span class='ocrx_word' id='word_1_103' title='bbox 115 1453 181 1513; x_wconf 91' lang='grc' dir='ltr'><strong><em>νην</em></strong></span> <span class='ocrx_word' id='word_1_104' title='bbox 198 1424 294 1511; x_wconf 81' lang='grc' dir='ltr'><strong><em>άγειυ</em></strong></span> <span class='ocrx_word' id='word_1_105' title='bbox 311 1423 355 1504; x_wconf 83' lang='grc' dir='ltr'><strong><em>ῶς</em></strong></span> <span class='ocrx_word' id='word_1_106' title='bbox 370 1423 503 1510; x_wconf 84' lang='grc' dir='ltr'><strong><em>άγαθόν</em></strong></span> <span class='ocrx_word' id='word_1_107' title='bbox 513 1427 568 1494; x_wconf 85' lang='grc' dir='ltr'><strong><em>καὶ</em></strong></span> <span class='ocrx_word' id='word_1_108' title='bbox 578 1423 615 1492; x_wconf 81' lang='grc' dir='ltr'><strong><em>ιδ</em></strong></span> <span class='ocrx_word' id='word_1_109' title='bbox 627 1430 763 1511; x_wconf 76' lang='grc' dir='ltr'><strong><em>τρέφειν</em></strong></span> <span class='ocrx_word' id='word_1_110' title='bbox 772 1424 919 1511; x_wconf 79' lang='grc' dir='ltr'><strong><em>μεγάλην</em></strong></span> <span class='ocrx_word' id='word_1_111' title='bbox 929 1427 1075 1512; x_wconf 80' lang='grc' dir='ltr'><strong><em>δύναμιν</em></strong></span> 
     </span>
     <span class='ocr_line' id='line_1_14' title="bbox 117 1522 1075 1612; baseline 0.001 -20"><span class='ocrx_word' id='word_1_112' title='bbox 117 1522 160 1604; x_wconf 80' lang='grc' dir='ltr'><strong><em>ὡς</em></strong></span> <span class='ocrx_word' id='word_1_113' title='bbox 169 1524 324 1611; x_wconf 82' lang='grc' dir='ltr'><strong><em>χαλεπὸν,</em></strong></span> <span class='ocrx_word' id='word_1_114' title='bbox 336 1527 391 1592; x_wconf 79' lang='grc' dir='ltr'><strong><em>καὶ</em></strong></span> <span class='ocrx_word' id='word_1_115' title='bbox 399 1523 611 1610; x_wconf 66' lang='grc' dir='ltr'><strong><em>’διαρπάζειν</em></strong></span> <span class='ocrx_word' id='word_1_116' title='bbox 620 1525 707 1604; x_wconf 81' lang='grc' dir='ltr'><strong><em>τινὲς</em></strong></span> <span class='ocrx_word' id='word_1_117' title='bbox 717 1525 758 1592; x_wconf 80' lang='grc' dir='ltr'><strong><em>τά</em></strong></span> <span class='ocrx_word' id='word_1_118' title='bbox 768 1524 917 1612; x_wconf 85' lang='grc' dir='ltr'><strong><em>χρήματα</em></strong></span> <span class='ocrx_word' id='word_1_119' title='bbox 927 1525 1075 1612; x_wconf 82' lang='grc' dir='ltr'><strong><em>βούλον-</em></strong></span> 
     </span>
     <span class='ocr_line' id='line_1_15' title="bbox 112 1621 1075 1709; baseline 0.002 -19"><span class='ocrx_word' id='word_1_120' title='bbox 112 1621 187 1691; x_wconf 74' lang='grc' dir='ltr'><strong><em>“ται</em></strong></span> <span class='ocrx_word' id='word_1_121' title='bbox 194 1621 220 1707; x_wconf 87' lang='grc'><strong><em>,”</em></strong></span> <span class='ocrx_word' id='word_1_122' title='bbox 237 1625 293 1692; x_wconf 78' lang='grc' dir='ltr'><strong><em>καὶ</em></strong></span> <span class='ocrx_word' id='word_1_123' title='bbox 303 1621 425 1703; x_wconf 78' lang='grc' dir='ltr'><strong><em>ἄλλους</em></strong></span> <span class='ocrx_word' id='word_1_124' title='bbox 436 1627 556 1709; x_wconf 82' lang='grc' dir='ltr'><strong><em>λόγους</em></strong></span> <span class='ocrx_word' id='word_1_125' title='bbox 568 1621 612 1702; x_wconf 86' lang='grc' dir='ltr'><strong><em>ῶς</em></strong></span> <span class='ocrx_word' id='word_1_126' title='bbox 624 1633 751 1692; x_wconf 88' lang='grc' dir='ltr'><strong><em>οίονται</em></strong></span> <span class='ocrx_word' id='word_1_127' title='bbox 762 1622 1010 1709; x_wconf 85' lang='grc' dir='ltr'><strong><em>άληθεστάτους</em></strong></span> <span class='ocrx_word' id='word_1_128' title='bbox 1020 1630 1075 1692; x_wconf 85' lang='grc' dir='ltr'><strong><em>λε’-</em></strong></span> 
     </span>
     <span class='ocr_line' id='line_1_16' title="bbox 78 1718 1074 1811; baseline 0.002 -21"><span class='ocrx_word' id='word_1_129' title='bbox 78 1722 245 1808; x_wconf 77' lang='grc' dir='ltr'><strong><em>εογουσιν.</em></strong></span> <span class='ocrx_word' id='word_1_130' title='bbox 281 1718 365 1790; x_wconf 79' lang='grc' dir='ltr'><strong><em>ἄλλά</em></strong></span> <span class='ocrx_word' id='word_1_131' title='bbox 387 1727 440 1790; x_wconf 83' lang='grc' dir='ltr'><strong><em>δεῖ</em></strong></span> <span class='ocrx_word' id='word_1_132' title='bbox 458 1723 567 1809; x_wconf 88' lang='grc' dir='ltr'><strong><em>δήπου</em></strong></span> <span class='ocrx_word' id='word_1_133' title='bbox 588 1721 652 1808; x_wconf 86' lang='grc' dir='ltr'><strong><em>τήν</em></strong></span> <span class='ocrx_word' id='word_1_134' title='bbox 671 1723 733 1809; x_wconf 77' lang='grc' dir='ltr'><strong><em>μὲν</em></strong></span> <span class='ocrx_word' id='word_1_135' title='bbox 749 1724 885 1811; x_wconf 77' lang='grc' dir='ltr'><strong><em>εἰρήνην</em></strong></span> <span class='ocrx_word' id='word_1_136' title='bbox 902 1723 997 1809; x_wconf 82' lang='grc' dir='ltr'><strong><em>άγειν</em></strong></span> <span class='ocrx_word' id='word_1_137' title='bbox 1013 1722 1074 1809; x_wconf 79' lang='grc' dir='ltr'><strong><em>οὐχ</em></strong></span> 
     </span>
     <span class='ocr_line' id='line_1_17' title="bbox 115 1817 1075 1912; baseline 0.003 -26"><span class='ocrx_word' id='word_1_138' title='bbox 115 1817 203 1906; x_wconf 81' lang='grc' dir='ltr'><strong><em>ὑμᾶς</em></strong></span> <span class='ocrx_word' id='word_1_139' title='bbox 214 1825 362 1912; x_wconf 79' lang='grc' dir='ltr'><strong><em>πείθειν,</em></strong></span> <span class='ocrx_word' id='word_1_140' title='bbox 372 1827 420 1887; x_wconf 44' lang='grc' dir='ltr'><strong><em>νοΐ</em></strong></span> <span class='ocrx_word' id='word_1_141' title='bbox 431 1823 640 1907; x_wconf 82' lang='grc' dir='ltr'><strong><em>πεπεισμένοι</em></strong></span> <span class='ocrx_word' id='word_1_142' title='bbox 657 1824 830 1910; x_wconf 86' lang='grc' dir='ltr'><strong><em>κάθησθε,</em></strong></span> <span class='ocrx_word' id='word_1_143' title='bbox 854 1817 939 1892; x_wconf 83' lang='grc' dir='ltr'><strong><em>άλλά</em></strong></span> <span class='ocrx_word' id='word_1_144' title='bbox 956 1821 1017 1892; x_wconf 86' lang='grc' dir='ltr'><strong><em>τὸν</em></strong></span> <span class='ocrx_word' id='word_1_145' title='bbox 1033 1823 1075 1891; x_wconf 84' lang='grc' dir='ltr'><strong><em>τά</em></strong></span> 
     </span>
     <span class='ocr_line' id='line_1_18' title="bbox 115 1917 1075 2012; baseline 0.002 -26"><span class='ocrx_word' id='word_1_146' title='bbox 115 1928 178 1987; x_wconf 81' lang='grc' dir='ltr'><strong><em>τοῦ</em></strong></span> <span class='ocrx_word' id='word_1_147' title='bbox 188 1920 337 2004; x_wconf 81' lang='grc' dir='ltr'><strong><em>πολέμου</em></strong></span> <span class='ocrx_word' id='word_1_148' title='bbox 347 1920 549 2005; x_wconf 84' lang='grc' dir='ltr'><strong><em>πράττοντα·</em></strong></span> <span class='ocrx_word' id='word_1_149' title='bbox 572 1917 616 1989; x_wconf 86' lang='grc' dir='ltr'><strong><em>άν</em></strong></span> <span class='ocrx_word' id='word_1_150' title='bbox 627 1921 692 2007; x_wconf 82' lang='grc' dir='ltr'><strong><em>γάρ</em></strong></span> <span class='ocrx_word' id='word_1_151' title='bbox 704 1925 827 2003; x_wconf 82' lang='grc' dir='ltr'><strong><em>ἐκεῖνος</em></strong></span> <span class='ocrx_word' id='word_1_152' title='bbox 837 1932 972 2012; x_wconf 77' lang='grc' dir='ltr'><strong><em>πεισθῇ,</em></strong></span> <span class='ocrx_word' id='word_1_153' title='bbox 983 1921 1025 1990; x_wconf 89' lang='grc' dir='ltr'><strong><em>τά</em></strong></span> <span class='ocrx_word' id='word_1_154' title='bbox 1036 1947 1075 2007; x_wconf 87' lang='grc' dir='ltr'><strong><em>γε</em></strong></span> 
     </span>
     <span class='ocr_line' id='line_1_19' title="bbox 116 2015 1075 2108; baseline 0.003 -23"><span class='ocrx_word' id='word_1_155' title='bbox 116 2015 180 2105; x_wconf 76' lang='grc' dir='ltr'><strong><em>ἀφ’</em></strong></span> <span class='ocrx_word' id='word_1_156' title='bbox 198 2015 468 2105; x_wconf 78' lang='grc' dir='ltr'><strong><em>ὑμῶνδπάρχει·</em></strong></span> <span class='ocrx_word' id='word_1_157' title='bbox 491 2026 636 2106; x_wconf 80' lang='grc' dir='ltr'><strong><em>νομίζειν</em></strong></span> <span class='ocrx_word' id='word_1_158' title='bbox 655 2019 686 2091; x_wconf 88' lang='grc' dir='ltr'><strong><em>δ’</em></strong></span> <span class='ocrx_word' id='word_1_159' title='bbox 707 2021 791 2090; x_wconf 82' lang='grc' dir='ltr'><strong><em>εἶναι</em></strong></span> <span class='ocrx_word' id='word_1_160' title='bbox 800 2020 925 2108; x_wconf 82' lang='grc' dir='ltr'><strong><em>χαλεπά</em></strong></span> <span class='ocrx_word' id='word_1_161' title='bbox 937 2020 999 2108; x_wconf 81' lang='grc' dir='ltr'><strong><em>οὐχ</em></strong></span> <span class='ocrx_word' id='word_1_162' title='bbox 1010 2020 1075 2089; x_wconf 81' lang='grc' dir='ltr'><strong><em>ὅσα</em></strong></span> 
     </span>
     <span class='ocr_line' id='line_1_20' title="bbox 116 2114 1074 2206; baseline 0.001 -21"><span class='ocrx_word' id='word_1_163' title='bbox 116 2114 161 2186; x_wconf 82' lang='grc' dir='ltr'><strong><em>άν</em></strong></span> <span class='ocrx_word' id='word_1_164' title='bbox 171 2123 219 2196; x_wconf 87' lang='grc' dir='ltr'><strong><em>είς</em></strong></span> <span class='ocrx_word' id='word_1_165' title='bbox 230 2124 397 2204; x_wconf 82' lang='grc' dir='ltr'><strong><em>σωτηρίαν</em></strong></span> <span class='ocrx_word' id='word_1_166' title='bbox 408 2123 626 2205; x_wconf 76' lang='grc' dir='ltr'><strong><em>δαπανῶμεν,</em></strong></span> <span class='ocrx_word' id='word_1_167' title='bbox 649 2118 720 2187; x_wconf 83' lang='grc' dir='ltr'><strong><em>ἀλλ’</em></strong></span> <span class='ocrx_word' id='word_1_168' title='bbox 736 2117 956 2206; x_wconf 79' lang='grc' dir='ltr'><strong><em>άπεισόμεθ’,</em></strong></span> <span class='ocrx_word' id='word_1_169' title='bbox 973 2115 1018 2186; x_wconf 83' lang='grc' dir='ltr'><strong><em>άν</em></strong></span> <span class='ocrx_word' id='word_1_170' title='bbox 1029 2117 1074 2206; x_wconf 79' lang='grc' dir='ltr'><strong><em>μή</em></strong></span> 
     </span>
     <span class='ocr_line' id='line_1_21' title="bbox 117 2213 1075 2307; baseline 0.002 -24"><span class='ocrx_word' id='word_1_171' title='bbox 117 2213 213 2284; x_wconf 75' lang='grc' dir='ltr'><strong><em>ταῦι’</em></strong></span> <span class='ocrx_word' id='word_1_172' title='bbox 237 2218 405 2302; x_wconf 74' lang='grc' dir='ltr'><strong><em>ἐθέλωμεν</em></strong></span> <span class='ocrx_word' id='word_1_173' title='bbox 425 2233 548 2301; x_wconf 80' lang='grc' dir='ltr'><strong><em>ποιεῖν,</em></strong></span> <span class='ocrx_word' id='word_1_174' title='bbox 576 2219 630 2285; x_wconf 79' lang='grc' dir='ltr'><strong><em>καὶ</em></strong></span> <span class='ocrx_word' id='word_1_175' title='bbox 651 2218 688 2285; x_wconf 83' lang='grc' dir='ltr'><strong><em>τὸ</em></strong></span> <span class='ocrx_word' id='word_1_176' title='bbox 707 2215 1012 2307; x_wconf 70' lang='grc' dir='ltr'><strong><em>’διαρπασθήσεται</em></strong></span> <span class='ocrx_word' id='word_1_177' title='bbox 1034 2219 1075 2285; x_wconf 85' lang='grc' dir='ltr'><strong><em>τοὶ</em></strong></span> 
     </span>
     <span class='ocr_line' id='line_1_22' title="bbox 115 2309 1077 2405; baseline 0.006 -26"><span class='ocrx_word' id='word_1_178' title='bbox 115 2311 302 2401; x_wconf 75' lang='grc' dir='ltr'><strong><em>“χρήματα”</em></strong></span> <span class='ocrx_word' id='word_1_179' title='bbox 319 2322 367 2404; x_wconf 76' lang='grc' dir='ltr'><strong><em>τῶ</em></strong></span> <span class='ocrx_word' id='word_1_180' title='bbox 383 2315 540 2405; x_wconf 83' lang='grc' dir='ltr'><strong><em>φυλακήν</em></strong></span> <span class='ocrx_word' id='word_1_181' title='bbox 558 2313 669 2400; x_wconf 82' lang='grc' dir='ltr'><strong><em>εὑρεῖν</em></strong></span> <span class='ocrx_word' id='word_1_182' title='bbox 685 2314 732 2384; x_wconf 83' lang='grc' dir='ltr'><strong><em>δι’</em></strong></span> <span class='ocrx_word' id='word_1_183' title='bbox 748 2309 789 2402; x_wconf 86' lang='grc' dir='ltr'><strong><em>ής</em></strong></span> <span class='ocrx_word' id='word_1_184' title='bbox 806 2318 996 2402; x_wconf 82' lang='grc' dir='ltr'><strong><em>σωθήσεται</em></strong></span> <span class='ocrx_word' id='word_1_185' title='bbox 1006 2343 1077 2384; x_wconf 81' lang='grc' dir='ltr'><strong><em>κω-</em></strong></span> 
     </span>
     <span class='ocr_line' id='line_1_23' title="bbox 80 2411 1075 2503; baseline -0.003 -18"><span class='ocrx_word' id='word_1_186' title='bbox 80 2432 110 2488; x_wconf 78' lang='grc'><strong><em>57</em></strong></span> <span class='ocrx_word' id='word_1_187' title='bbox 118 2412 230 2496; x_wconf 84' lang='grc' dir='ltr'><strong><em>λύειν,</em></strong></span> <span class='ocrx_word' id='word_1_188' title='bbox 252 2412 326 2498; x_wconf 80' lang='grc' dir='ltr'><strong><em>οὐχὶ</em></strong></span> <span class='ocrx_word' id='word_1_189' title='bbox 342 2421 389 2503; x_wconf 76' lang='grc' dir='ltr'><strong><em>τῷ</em></strong></span> <span class='ocrx_word' id='word_1_190' title='bbox 404 2421 467 2481; x_wconf 85' lang='grc' dir='ltr'><strong><em>τοῦ</em></strong></span> <span class='ocrx_word' id='word_1_191' title='bbox 487 2416 718 2499; x_wconf 80' lang='grc' dir='ltr'><strong><em>συμφέροντος</em></strong></span> <span class='ocrx_word' id='word_1_192' title='bbox 738 2411 931 2500; x_wconf 86' lang='grc' dir='ltr'><strong><em>άποστήναι.</em></strong></span> <span class='ocrx_word' id='word_1_193' title='bbox 967 2420 1075 2482; x_wconf 85' lang='grc' dir='ltr'><strong><em>καίτοι</em></strong></span> 
     </span>
     <span class='ocr_line' id='line_1_24' title="bbox 117 2508 1077 2602; baseline -0.001 -22"><span class='ocrx_word' id='word_1_194' title='bbox 117 2516 223 2598; x_wconf 78' lang='grc' dir='ltr'><strong><em>ἔγωγε</em></strong></span> <span class='ocrx_word' id='word_1_195' title='bbox 240 2508 414 2596; x_wconf 80' lang='grc' dir='ltr'><strong><em>ἀγανακτῶ</em></strong></span> <span class='ocrx_word' id='word_1_196' title='bbox 431 2514 487 2580; x_wconf 77' lang='grc' dir='ltr'><strong><em>καί</em></strong></span> <span class='ocrx_word' id='word_1_197' title='bbox 503 2510 584 2580; x_wconf 79' lang='grc' dir='ltr'><strong><em>αὐτὸ</em></strong></span> <span class='ocrx_word' id='word_1_198' title='bbox 607 2517 723 2598; x_wconf 80' lang='grc' dir='ltr'><strong><em>τοῦτο,</em></strong></span> <span class='ocrx_word' id='word_1_199' title='bbox 745 2517 776 2580; x_wconf 89' lang='grc' dir='ltr'><strong><em>εί</em></strong></span> <span class='ocrx_word' id='word_1_200' title='bbox 790 2513 830 2602; x_wconf 85' lang='grc' dir='ltr'><strong><em>τά</em></strong></span> <span class='ocrx_word' id='word_1_201' title='bbox 848 2511 911 2598; x_wconf 72' lang='grc' dir='ltr'><strong><em>μὲν</em></strong></span> <span class='ocrx_word' id='word_1_202' title='bbox 926 2512 1077 2599; x_wconf 83' lang='grc' dir='ltr'><strong><em>χρήματα</em></strong></span> 
     </span>
     <span class='ocr_line' id='line_1_25' title="bbox 118 2607 1077 2698; baseline 0.001 -20"><span class='ocrx_word' id='word_1_203' title='bbox 118 2618 220 2678; x_wconf 82' lang='grc' dir='ltr'><strong><em>λυπεῖ</em></strong></span> <span class='ocrx_word' id='word_1_204' title='bbox 227 2607 321 2689; x_wconf 84' lang='grc' dir='ltr'><strong><em>τινάς</em></strong></span> <span class='ocrx_word' id='word_1_205' title='bbox 330 2608 427 2696; x_wconf 84' lang='grc' dir='ltr'><strong><em>ὑμῶν</em></strong></span> <span class='ocrx_word' id='word_1_206' title='bbox 438 2618 468 2681; x_wconf 88' lang='grc' dir='ltr'><strong><em>εί</em></strong></span> <span class='ocrx_word' id='word_1_207' title='bbox 478 2610 777 2698; x_wconf 72' lang='grc' dir='ltr'><strong><em>διαρπασθήσεται,</em></strong></span> <span class='ocrx_word' id='word_1_208' title='bbox 795 2608 884 2680; x_wconf 80' lang='grc' dir='ltr'><strong><em>δίκαὶ</em></strong></span> <span class='ocrx_word' id='word_1_209' title='bbox 895 2611 1077 2698; x_wconf 83' lang='grc' dir='ltr'><strong><em>φυλάττειν</em></strong></span> 
     </span>
     <span class='ocr_line' id='line_1_26' title="bbox 118 2704 1076 2798; baseline 0.003 -22"><span class='ocrx_word' id='word_1_210' title='bbox 118 2711 172 2777; x_wconf 79' lang='grc' dir='ltr'><strong><em>καὶ</em></strong></span> <span class='ocrx_word' id='word_1_211' title='bbox 194 2707 346 2788; x_wconf 79' lang='grc' dir='ltr'><strong><em>κολάζειν</em></strong></span> <span class='ocrx_word' id='word_1_212' title='bbox 366 2706 444 2787; x_wconf 83' lang='grc' dir='ltr'><strong><em>τούς</em></strong></span> <span class='ocrx_word' id='word_1_213' title='bbox 461 2707 668 2795; x_wconf 77' lang='grc' dir='ltr'><strong><em>ἁρπάζοντας</em></strong></span> <span class='ocrx_word' id='word_1_214' title='bbox 684 2704 740 2795; x_wconf 83' lang='grc' dir='ltr'><strong><em>ἐφ’</em></strong></span> <span class='ocrx_word' id='word_1_215' title='bbox 760 2707 837 2797; x_wconf 80' lang='grc' dir='ltr'><strong><em>ὑμῖν</em></strong></span> <span class='ocrx_word' id='word_1_216' title='bbox 853 2713 938 2798; x_wconf 83' lang='grc' dir='ltr'><strong><em>ἐστι,</em></strong></span> <span class='ocrx_word' id='word_1_217' title='bbox 961 2711 1024 2798; x_wconf 82' lang='grc' dir='ltr'><strong><em>τήν</em></strong></span> <span class='ocrx_word' id='word_1_218' title='bbox 1041 2707 1076 2779; x_wconf 85' lang='grc' dir='ltr'><strong><em>δ’</em></strong></span> 
     </span>
     <span class='ocr_line' id='line_1_27' title="bbox 115 2804 1077 2903; baseline -0.001 -26"><span class='ocrx_word' id='word_1_219' title='bbox 115 2804 256 2877; x_wconf 78' lang='grc' dir='ltr'><strong><em>Ἑλλάδα</em></strong></span> <span class='ocrx_word' id='word_1_220' title='bbox 272 2814 385 2876; x_wconf 85' lang='grc' dir='ltr'><strong><em>πᾶσαν</em></strong></span> <span class='ocrx_word' id='word_1_221' title='bbox 400 2811 518 2903; x_wconf 80' lang='grc' dir='ltr'><strong><em>ἐφεξῆς</em></strong></span> <span class='ocrx_word' id='word_1_222' title='bbox 535 2807 657 2878; x_wconf 83' lang='grc' dir='ltr'><strong><em>οὑτωσὶ</em></strong></span> <span class='ocrx_word' id='word_1_223' title='bbox 674 2815 835 2888; x_wconf 85' lang='grc' dir='ltr'><strong><em>Φίλιππος</em></strong></span> <span class='ocrx_word' id='word_1_224' title='bbox 855 2807 1013 2896; x_wconf 74' lang='grc' dir='ltr'><strong><em>ἁρπάζων</em></strong></span> <span class='ocrx_word' id='word_1_225' title='bbox 1033 2809 1077 2877; x_wconf 81' lang='grc' dir='ltr'><strong><em>οὐ</em></strong></span> 
     </span>
     <span class='ocr_line' id='line_1_28' title="bbox 80 2899 1078 2996; baseline -0.001 -21"><span class='ocrx_word' id='word_1_226' title='bbox 80 2915 235 2990; x_wconf 71' lang='grc' dir='ltr'><strong><em>εθλυπεῖ,</em></strong></span> <span class='ocrx_word' id='word_1_227' title='bbox 258 2908 314 2975; x_wconf 82' lang='grc' dir='ltr'><strong><em>καὶ</em></strong></span> <span class='ocrx_word' id='word_1_228' title='bbox 329 2905 423 2975; x_wconf 79' lang='grc' dir='ltr'><strong><em>ταῦτ’</em></strong></span> <span class='ocrx_word' id='word_1_229' title='bbox 442 2907 499 2995; x_wconf 84' lang='grc' dir='ltr'><strong><em>ἐφ’</em></strong></span> <span class='ocrx_word' id='word_1_230' title='bbox 516 2909 602 2996; x_wconf 80' lang='grc' dir='ltr'><strong><em>ὑμᾶς</em></strong></span> <span class='ocrx_word' id='word_1_231' title='bbox 619 2906 785 2996; x_wconf 73' lang='grc' dir='ltr'><strong><em>ἁρπάζων.</em></strong></span> <span class='ocrx_word' id='word_1_232' title='bbox 817 2916 852 2977; x_wconf 89' lang='grc' dir='ltr'><strong><em>τί</em></strong></span> <span class='ocrx_word' id='word_1_233' title='bbox 859 2907 934 2977; x_wconf 83' lang='grc' dir='ltr'><strong><em>ποτ’</em></strong></span> <span class='ocrx_word' id='word_1_234' title='bbox 946 2901 1028 2994; x_wconf 78' lang='grc' dir='ltr'><strong><em>οὖν,</em></strong></span> <span class='ocrx_word' id='word_1_235' title='bbox 1050 2899 1078 2974; x_wconf 84' lang='grc' dir='ltr'><strong><em>ῶ</em></strong></span> 
     </span>
     <span class='ocr_line' id='line_1_29' title="bbox 120 3002 1078 3094; baseline 0 -21"><span class='ocrx_word' id='word_1_236' title='bbox 120 3004 241 3091; x_wconf 78' lang='grc' dir='ltr'><strong><em>ἄνδρες</em></strong></span> <span class='ocrx_word' id='word_1_237' title='bbox 256 3002 444 3091; x_wconf 75' lang='grc' dir='ltr'><strong><em>Ἀθηναῖοι,</em></strong></span> <span class='ocrx_word' id='word_1_238' title='bbox 466 3006 528 3076; x_wconf 84' lang='grc' dir='ltr'><strong><em>τὸν</em></strong></span> <span class='ocrx_word' id='word_1_239' title='bbox 545 3009 606 3093; x_wconf 70' lang='grc' dir='ltr'><strong><em>μὲν</em></strong></span> <span class='ocrx_word' id='word_1_240' title='bbox 623 3006 712 3078; x_wconf 79' lang='grc' dir='ltr'><strong><em>οὕτω</em></strong></span> <span class='ocrx_word' id='word_1_241' title='bbox 730 3016 884 3094; x_wconf 83' lang='grc' dir='ltr'><strong><em>φανερῶς</em></strong></span> <span class='ocrx_word' id='word_1_242' title='bbox 893 3005 1078 3076; x_wconf 75' lang='grc' dir='ltr'><strong><em>ἀδικοῦντα</em></strong></span> 
     </span>
     <span class='ocr_line' id='line_1_30' title="bbox 120 3101 1079 3192; baseline -0.002 -18"><span class='ocrx_word' id='word_1_243' title='bbox 120 3107 176 3174; x_wconf 76' lang='grc' dir='ltr'><strong><em>καὶ</em></strong></span> <span class='ocrx_word' id='word_1_244' title='bbox 193 3103 305 3182; x_wconf 86' lang='grc' dir='ltr'><strong><em>πόλεις</em></strong></span> <span class='ocrx_word' id='word_1_245' title='bbox 321 3101 617 3192; x_wconf 83' lang='grc' dir='ltr'><strong><em>καταλαμβάνοντα</em></strong></span> <span class='ocrx_word' id='word_1_246' title='bbox 633 3104 743 3186; x_wconf 81' lang='grc' dir='ltr'><strong><em>οὐδεὶς</em></strong></span> <span class='ocrx_word' id='word_1_247' title='bbox 754 3105 887 3173; x_wconf 86' lang='grc' dir='ltr'><strong><em>πῶποτε</em></strong></span> <span class='ocrx_word' id='word_1_248' title='bbox 897 3113 1020 3173; x_wconf 82' lang='grc' dir='ltr'><strong><em>τοῦτον</em></strong></span> <span class='ocrx_word' id='word_1_249' title='bbox 1030 3103 1079 3172; x_wconf 77' lang='grc' dir='ltr'><strong><em>εἶ-</em></strong></span> 
     </span>
     <span class='ocr_line' id='line_1_31' title="bbox 118 3200 1081 3292; baseline -0.002 -21"><span class='ocrx_word' id='word_1_250' title='bbox 118 3219 185 3272; x_wconf 85' lang='grc' dir='ltr'><strong><em>πεν</em></strong></span> <span class='ocrx_word' id='word_1_251' title='bbox 202 3201 249 3283; x_wconf 80' lang='grc' dir='ltr'><strong><em>ῶς</em></strong></span> <span class='ocrx_word' id='word_1_252' title='bbox 265 3200 373 3272; x_wconf 86' lang='grc' dir='ltr'><strong><em>άδικεῖ</em></strong></span> <span class='ocrx_word' id='word_1_253' title='bbox 387 3207 442 3274; x_wconf 80' lang='grc' dir='ltr'><strong><em>καὶ</em></strong></span> <span class='ocrx_word' id='word_1_254' title='bbox 453 3214 679 3292; x_wconf 86' lang='grc' dir='ltr'><strong><em>πολεμοποιεῖ,</em></strong></span> <span class='ocrx_word' id='word_1_255' title='bbox 701 3201 780 3283; x_wconf 78' lang='grc' dir='ltr'><strong><em>τοὺς</em></strong></span> <span class='ocrx_word' id='word_1_256' title='bbox 791 3204 826 3271; x_wconf 71' lang='grc' dir='ltr'><strong><em>δὲ</em></strong></span> <span class='ocrx_word' id='word_1_257' title='bbox 836 3201 880 3289; x_wconf 86' lang='grc' dir='ltr'><strong><em>μή</em></strong></span> <span class='ocrx_word' id='word_1_258' title='bbox 893 3204 1081 3286; x_wconf 79' lang='grc' dir='ltr'><strong><em>ἐπιτρέπειν</em></strong></span> 
     </span>
     <span class='ocr_line' id='line_1_32' title="bbox 121 3301 1079 3392; baseline -0.007 -20"><span class='ocrx_word' id='word_1_259' title='bbox 121 3305 205 3392; x_wconf 72' lang='grc' dir='ltr'><strong><em>μηδὲ</em></strong></span> <span class='ocrx_word' id='word_1_260' title='bbox 215 3308 394 3386; x_wconf 83' lang='grc' dir='ltr'><strong><em>προίεσθαι</em></strong></span> <span class='ocrx_word' id='word_1_261' title='bbox 405 3311 508 3373; x_wconf 82' lang='grc' dir='ltr'><strong><em>ταῦτα</em></strong></span> <span class='ocrx_word' id='word_1_262' title='bbox 518 3301 818 3391; x_wconf 82' lang='grc' dir='ltr'><strong><em>συμβουλεύοντας,</em></strong></span> <span class='ocrx_word' id='word_1_263' title='bbox 825 3301 967 3378; x_wconf 80' lang='grc' dir='ltr'><strong><em>τούτους</em></strong></span> <span class='ocrx_word' id='word_1_264' title='bbox 978 3307 1079 3366; x_wconf 86' lang='grc' dir='ltr'><strong><em>πολε-</em></strong></span> 
     </span>
    </p>
   </div>
   <div class='ocr_carea' id='block_1_3' title="bbox 120 3401 1088 3497">
    <p class='ocr_par' dir='ltr' id='par_1_3' title="bbox 120 3401 1088 3497">
     <span class='ocr_line' id='line_1_33' title="bbox 120 3401 1088 3497; baseline -0.01 -24"><span class='ocrx_word' id='word_1_265' title='bbox 120 3403 527 3497; x_wconf 78' lang='grc' dir='ltr'><strong><em>μοποιεῖνφασίν;ὅτιτήν</em></strong></span> <span class='ocrx_word' id='word_1_266' title='bbox 536 3403 763 3472; x_wconf 74' lang='grc' dir='ltr'><strong><em>αἰτίαντοῖνέκ</em></strong></span> <span class='ocrx_word' id='word_1_267' title='bbox 772 3407 834 3468; x_wconf 81' lang='grc' dir='ltr'><strong><em>τοῦ</em></strong></span> <span class='ocrx_word' id='word_1_268' title='bbox 842 3401 1088 3482; x_wconf 56' lang='grc' dir='ltr'><strong><em>πολεμονσυμ·ν</em></strong></span> 
     </span>
    </p>
   </div>
   <div class='ocr_carea' id='block_1_4' title="bbox 948 3592 1009 3651">
    <p class='ocr_par' dir='ltr' id='par_1_4' title="bbox 948 3592 1009 3651">
     <span class='ocr_line' id='line_1_34' title="bbox 948 3592 1009 3651; baseline 0 0"><span class='ocrx_word' id='word_1_269' title='bbox 948 3592 950 3596; x_wconf 68' lang='grc'><strong>’</strong></span> <span class='ocrx_word' id='word_1_270' title='bbox 1000 3616 1009 3651; x_wconf 89' lang='grc' dir='ltr'><strong><em>ι</em></strong></span> 
     </span>
    </p>
   </div>
   <div class='ocr_carea' id='block_1_5' title="bbox 0 0 1182 3894">
    <p class='ocr_par' dir='ltr' id='par_1_5' title="bbox 0 0 1182 3894">
     <span class='ocr_line' id='line_1_35' title="bbox 0 0 1182 3894; baseline 0 0"><span class='ocrx_word' id='word_1_271' title='bbox 0 0 1182 3894; x_wconf 95' lang='lat' dir='ltr'><strong><em> </em></strong></span> 
     </span>
    </p>
   </div>
  </div>
 </body>
</html>
