<?xml version="1.0" encoding="UTF-8"?>
<!DOCTYPE html PUBLIC "-//W3C//DTD XHTML 1.0 Transitional//EN"
    "http://www.w3.org/TR/xhtml1/DTD/xhtml1-transitional.dtd">
<html xmlns="http://www.w3.org/1999/xhtml" xml:lang="en" lang="en">
 <head>
  <title>
</title>
<meta http-equiv="Content-Type" content="text/html;charset=utf-8" />
  <meta name='ocr-system' content='tesseract 3.04.00' />
  <meta name='ocr-capabilities' content='ocr_page ocr_carea ocr_par ocr_line ocrx_word'/>
</head>
<body>
  <div class='ocr_page' id='page_1' title='image "./orationesexrece03demogoog_0500.png"; bbox 0 0 2340 3894; ppageno 0'>
   <div class='ocr_carea' id='block_1_1' title="bbox 189 206 1047 275">
    <p class='ocr_par' dir='ltr' id='par_1_1' title="bbox 189 206 1047 275">
     <span class='ocr_line' id='line_1_1' title="bbox 189 206 1047 275; baseline 0.005 -5"><span class='ocrx_word' id='word_1_1' title='bbox 189 207 319 270; x_wconf 84' lang='grc' dir='ltr'><em>ΠΕΡΙ</em></span> <span class='ocrx_word' id='word_1_2' title='bbox 345 206 455 268; x_wconf 80' lang='grc' dir='ltr'><strong><em>ΤΗΣ</em></strong></span> <span class='ocrx_word' id='word_1_3' title='bbox 480 208 939 272; x_wconf 77' lang='grc' dir='ltr'><em>ΠΑΡΑΠΡΕΣΒΕΙΑΣ.</em></span> <span class='ocrx_word' id='word_1_4' title='bbox 981 208 1047 275; x_wconf 68' lang='lat'><strong><em>³6⁹</em></strong></span> 
     </span>
    </p>
   </div>
   <div class='ocr_carea' id='block_1_2' title="bbox 40 365 1107 2130">
    <p class='ocr_par' dir='ltr' id='par_1_2' title="bbox 40 365 1107 2130">
     <span class='ocr_line' id='line_1_2' title="bbox 85 365 1045 456; baseline 0 -17"><span class='ocrx_word' id='word_1_5' title='bbox 85 373 123 440; x_wconf 85' lang='grc' dir='ltr'><strong><em>έιι</em></strong></span> <span class='ocrx_word' id='word_1_6' title='bbox 133 376 308 454; x_wconf 75' lang='grc' dir='ltr'><strong><em>Πειραιῶς,</em></strong></span> <span class='ocrx_word' id='word_1_7' title='bbox 317 365 524 454; x_wconf 74' lang='grc' dir='ltr'><strong><em>Ἐπικράτην,</em></strong></span> <span class='ocrx_word' id='word_1_8' title='bbox 532 369 683 435; x_wconf 88' lang='grc' dir='ltr'><strong><em>έκπεσεῖν</em></strong></span> <span class='ocrx_word' id='word_1_9' title='bbox 692 369 979 456; x_wconf 77' lang='grc' dir='ltr'><strong><em>καὶκολασθῆυαις</em></strong></span> <span class='ocrx_word' id='word_1_10' title='bbox 988 373 1045 445; x_wconf 70' lang='grc' dir='ltr'><strong><em>καὶ</em></strong></span> 
     </span>
     <span class='ocr_line' id='line_1_3' title="bbox 85 465 1045 557; baseline 0.004 -22"><span class='ocrx_word' id='word_1_11' title='bbox 85 468 189 535; x_wconf 78' lang='grc' dir='ltr'><strong><em>πάλιν</em></strong></span> <span class='ocrx_word' id='word_1_12' title='bbox 199 465 318 552; x_wconf 84' lang='grc' dir='ltr'><strong><em>πρύην</em></strong></span> <span class='ocrx_word' id='word_1_13' title='bbox 331 466 577 553; x_wconf 76' lang='grc' dir='ltr'><strong><em>Θρασύβουλον</em></strong></span> <span class='ocrx_word' id='word_1_14' title='bbox 587 465 785 537; x_wconf 70' lang='grc' dir='ltr'><strong><em>ἐκεῖνοντὸν</em></strong></span> <span class='ocrx_word' id='word_1_15' title='bbox 798 470 1045 557; x_wconf 78' lang='grc' dir='ltr'><strong><em>Θρασυβούλου</em></strong></span> 
     </span>
     <span class='ocr_line' id='line_1_4' title="bbox 76 561 1046 656; baseline 0.002 -21"><span class='ocrx_word' id='word_1_16' title='bbox 76 573 148 635; x_wconf 81' lang='grc' dir='ltr'><strong><em>τού</em></strong></span> <span class='ocrx_word' id='word_1_17' title='bbox 161 570 345 650; x_wconf 72' lang='grc' dir='ltr'><strong><em>δημοτικοῦ</em></strong></span> <span class='ocrx_word' id='word_1_18' title='bbox 355 572 418 632; x_wconf 80' lang='grc' dir='ltr'><strong><em>τοῦ</em></strong></span> <span class='ocrx_word' id='word_1_19' title='bbox 436 561 502 633; x_wconf 83' lang='grc' dir='ltr'><strong><em>ὐπὸ</em></strong></span> <span class='ocrx_word' id='word_1_20' title='bbox 516 571 631 652; x_wconf 85' lang='grc' dir='ltr'><strong><em>Φυλῆς</em></strong></span> <span class='ocrx_word' id='word_1_21' title='bbox 647 568 894 653; x_wconf 78' lang='grc' dir='ltr'><strong><em>καταγαγόντος</em></strong></span> <span class='ocrx_word' id='word_1_22' title='bbox 909 567 970 637; x_wconf 85' lang='grc' dir='ltr'><strong><em>τὸν</em></strong></span> <span class='ocrx_word' id='word_1_23' title='bbox 982 573 1046 656; x_wconf 88' lang='grc' dir='ltr'><strong><em>δῆ-</em></strong></span> 
     </span>
     <span class='ocr_line' id='line_1_5' title="bbox 85 660 1045 753; baseline 0.002 -20"><span class='ocrx_word' id='word_1_24' title='bbox 85 691 168 751; x_wconf 90' lang='grc' dir='ltr'><strong><em>μον,</em></strong></span> <span class='ocrx_word' id='word_1_25' title='bbox 190 664 337 732; x_wconf 86' lang='grc' dir='ltr'><strong><em>τύλαντα</em></strong></span> <span class='ocrx_word' id='word_1_26' title='bbox 348 665 430 731; x_wconf 86' lang='grc' dir='ltr'><strong><em>δέκα</em></strong></span> <span class='ocrx_word' id='word_1_27' title='bbox 448 660 649 750; x_wconf 75' lang='grc' dir='ltr'><strong><em>ὠφληκέναι,</em></strong></span> <span class='ocrx_word' id='word_1_28' title='bbox 661 665 717 732; x_wconf 80' lang='grc' dir='ltr'><strong><em>καί</em></strong></span> <span class='ocrx_word' id='word_1_29' title='bbox 728 665 789 734; x_wconf 80' lang='grc' dir='ltr'><strong><em>τὸν</em></strong></span> <span class='ocrx_word' id='word_1_30' title='bbox 800 663 856 752; x_wconf 83' lang='grc' dir='ltr'><strong><em>ὐφ’</em></strong></span> <span class='ocrx_word' id='word_1_31' title='bbox 865 663 1045 753; x_wconf 68' lang='grc' dir='ltr'><strong><em>Ἁρμοδίου</em></strong></span> 
     </span>
     <span class='ocr_line' id='line_1_6' title="bbox 85 761 1046 851; baseline 0.002 -19"><span class='ocrx_word' id='word_1_32' title='bbox 85 761 446 848; x_wconf 78' lang='grc' dir='ltr'><strong><em>καίἈριστογείτονος,</em></strong></span> <span class='ocrx_word' id='word_1_33' title='bbox 468 770 536 831; x_wconf 69' lang='grc' dir='ltr'><strong><em>τοῖν</em></strong></span> <span class='ocrx_word' id='word_1_34' title='bbox 554 761 594 830; x_wconf 82' lang='grc' dir='ltr'><strong><em>τύ</em></strong></span> <span class='ocrx_word' id='word_1_35' title='bbox 612 762 738 848; x_wconf 78' lang='grc' dir='ltr'><strong><em>μέγιστ’</em></strong></span> <span class='ocrx_word' id='word_1_36' title='bbox 753 763 866 850; x_wconf 84' lang='grc' dir='ltr'><strong><em>ύγαθὰ</em></strong></span> <span class='ocrx_word' id='word_1_37' title='bbox 877 763 1046 851; x_wconf 82' lang='grc' dir='ltr'><strong><em>ὐμοῖςείρ-</em></strong></span> 
     </span>
     <span class='ocr_line' id='line_1_7' title="bbox 85 858 1046 953; baseline 0.004 -25"><span class='ocrx_word' id='word_1_38' title='bbox 85 866 272 949; x_wconf 86' lang='grc' dir='ltr'><strong><em>γασμένοον,</em></strong></span> <span class='ocrx_word' id='word_1_39' title='bbox 284 858 449 952; x_wconf 78' lang='grc' dir='ltr'><strong><em>οὐςνόμμ</em></strong></span> <span class='ocrx_word' id='word_1_40' title='bbox 461 859 516 929; x_wconf 80' lang='grc' dir='ltr'><strong><em>διύ</em></strong></span> <span class='ocrx_word' id='word_1_41' title='bbox 534 860 593 942; x_wconf 83' lang='grc' dir='ltr'><strong><em>τύς</em></strong></span> <span class='ocrx_word' id='word_1_42' title='bbox 609 860 813 950; x_wconf 72' lang='grc' dir='ltr'><strong><em>εὐεργεσίας,</em></strong></span> <span class='ocrx_word' id='word_1_43' title='bbox 835 861 876 946; x_wconf 80' lang='grc' dir='ltr'><strong><em>ύς</em></strong></span> <span class='ocrx_word' id='word_1_44' title='bbox 892 863 1046 953; x_wconf 78' lang='grc' dir='ltr'><strong><em>ὑπῆρξαν</em></strong></span> 
     </span>
     <span class='ocr_line' id='line_1_8' title="bbox 87 956 1046 1046; baseline 0.004 -19"><span class='ocrx_word' id='word_1_45' title='bbox 87 966 133 1039; x_wconf 86' lang='grc' dir='ltr'><strong><em>είς</em></strong></span> <span class='ocrx_word' id='word_1_46' title='bbox 150 956 255 1046; x_wconf 80' lang='grc' dir='ltr'><strong><em>ὑμᾶς,</em></strong></span> <span class='ocrx_word' id='word_1_47' title='bbox 276 962 314 1027; x_wconf 87' lang='grc' dir='ltr'><strong><em>έν</em></strong></span> <span class='ocrx_word' id='word_1_48' title='bbox 330 959 434 1028; x_wconf 83' lang='grc' dir='ltr'><strong><em>ἅπασι</em></strong></span> <span class='ocrx_word' id='word_1_49' title='bbox 450 975 520 1039; x_wconf 91' lang='grc' dir='ltr'><strong><em>τοῖς</em></strong></span> <span class='ocrx_word' id='word_1_50' title='bbox 538 965 639 1046; x_wconf 74' lang='grc' dir='ltr'><strong><em>ἱεροῖς</em></strong></span> <span class='ocrx_word' id='word_1_51' title='bbox 649 965 702 1031; x_wconf 77' lang='grc' dir='ltr'><strong><em>ἐπὶ</em></strong></span> <span class='ocrx_word' id='word_1_52' title='bbox 712 976 783 1042; x_wconf 84' lang='grc' dir='ltr'><strong><em>ταῖς</em></strong></span> <span class='ocrx_word' id='word_1_53' title='bbox 793 970 928 1042; x_wconf 82' lang='grc' dir='ltr'><strong><em>θυσίαις</em></strong></span> <span class='ocrx_word' id='word_1_54' title='bbox 939 972 1046 1031; x_wconf 84' lang='grc' dir='ltr'><strong><em>σπον-</em></strong></span> 
     </span>
     <span class='ocr_line' id='line_1_9' title="bbox 85 1056 1046 1150; baseline 0.002 -23"><span class='ocrx_word' id='word_1_55' title='bbox 85 1065 157 1128; x_wconf 80' lang='grc' dir='ltr'><strong><em>δῶν</em></strong></span> <span class='ocrx_word' id='word_1_56' title='bbox 166 1061 222 1127; x_wconf 80' lang='grc' dir='ltr'><strong><em>καί</em></strong></span> <span class='ocrx_word' id='word_1_57' title='bbox 233 1059 410 1146; x_wconf 72' lang='grc' dir='ltr'><strong><em>κρατήρων</em></strong></span> <span class='ocrx_word' id='word_1_58' title='bbox 420 1056 605 1137; x_wconf 81' lang='grc' dir='ltr'><strong><em>κοινωνούς</em></strong></span> <span class='ocrx_word' id='word_1_59' title='bbox 615 1058 801 1146; x_wconf 86' lang='grc' dir='ltr'><strong><em>πεποίησθε</em></strong></span> <span class='ocrx_word' id='word_1_60' title='bbox 811 1064 867 1129; x_wconf 81' lang='grc' dir='ltr'><strong><em>καί</em></strong></span> <span class='ocrx_word' id='word_1_61' title='bbox 877 1059 974 1150; x_wconf 76' lang='grc' dir='ltr'><strong><em>ᾄδετε</em></strong></span> <span class='ocrx_word' id='word_1_62' title='bbox 989 1063 1046 1129; x_wconf 79' lang='grc' dir='ltr'><strong><em>καί</em></strong></span> 
     </span>
     <span class='ocr_line' id='line_1_10' title="bbox 41 1156 1046 1249; baseline 0.004 -23"><span class='ocrx_word' id='word_1_63' title='bbox 41 1180 75 1234; x_wconf 79' lang='grc'><strong><em>81</em></strong></span> <span class='ocrx_word' id='word_1_64' title='bbox 85 1166 198 1244; x_wconf 76' lang='grc' dir='ltr'><strong><em>τιμᾶτε</em></strong></span> <span class='ocrx_word' id='word_1_65' title='bbox 209 1160 241 1237; x_wconf 81' lang='grc' dir='ltr'><strong><em>ἐξ</em></strong></span> <span class='ocrx_word' id='word_1_66' title='bbox 253 1166 330 1249; x_wconf 65' lang='grc' dir='ltr'><strong><em>ίρου</em></strong></span> <span class='ocrx_word' id='word_1_67' title='bbox 339 1171 408 1235; x_wconf 83' lang='grc' dir='ltr'><strong><em>τοῖς</em></strong></span> <span class='ocrx_word' id='word_1_68' title='bbox 417 1156 525 1243; x_wconf 86' lang='grc' dir='ltr'><strong><em>ῆρυσι</em></strong></span> <span class='ocrx_word' id='word_1_69' title='bbox 535 1158 591 1225; x_wconf 80' lang='grc' dir='ltr'><strong><em>καί</em></strong></span> <span class='ocrx_word' id='word_1_70' title='bbox 602 1172 675 1236; x_wconf 90' lang='grc' dir='ltr'><strong><em>τοῖς</em></strong></span> <span class='ocrx_word' id='word_1_71' title='bbox 691 1169 801 1242; x_wconf 89' lang='grc' dir='ltr'><strong><em>θεοῖς,</em></strong></span> <span class='ocrx_word' id='word_1_72' title='bbox 825 1159 966 1240; x_wconf 79' lang='grc' dir='ltr'><strong><em>τούτους</em></strong></span> <span class='ocrx_word' id='word_1_73' title='bbox 983 1161 1046 1248; x_wconf 72' lang='grc' dir='ltr'><strong><em>μὲν</em></strong></span> 
     </span>
     <span class='ocr_line' id='line_1_11' title="bbox 86 1250 1045 1345; baseline 0.003 -22"><span class='ocrx_word' id='word_1_74' title='bbox 86 1257 213 1334; x_wconf 76' lang='grc' dir='ltr'><strong><em>πάντας</em></strong></span> <span class='ocrx_word' id='word_1_75' title='bbox 224 1250 286 1342; x_wconf 83' lang='grc' dir='ltr'><strong><em>τήν</em></strong></span> <span class='ocrx_word' id='word_1_76' title='bbox 296 1257 333 1324; x_wconf 74' lang='grc' dir='ltr'><strong><em>ἐκ</em></strong></span> <span class='ocrx_word' id='word_1_77' title='bbox 342 1262 411 1323; x_wconf 81' lang='grc' dir='ltr'><strong><em>τῶν</em></strong></span> <span class='ocrx_word' id='word_1_78' title='bbox 422 1255 539 1341; x_wconf 81' lang='grc' dir='ltr'><strong><em>νόμον</em></strong></span> <span class='ocrx_word' id='word_1_79' title='bbox 549 1259 645 1340; x_wconf 87' lang='grc' dir='ltr'><strong><em>δίκην</em></strong></span> <span class='ocrx_word' id='word_1_80' title='bbox 655 1253 886 1344; x_wconf 84' lang='grc' dir='ltr'><strong><em>ὑπεσχηκέναι,</em></strong></span> <span class='ocrx_word' id='word_1_81' title='bbox 897 1262 952 1326; x_wconf 75' lang='grc' dir='ltr'><strong><em>καὶ</em></strong></span> <span class='ocrx_word' id='word_1_82' title='bbox 963 1257 1045 1345; x_wconf 86' lang='grc' dir='ltr'><strong><em>μήτε</em></strong></span> 
     </span>
     <span class='ocr_line' id='line_1_12' title="bbox 86 1351 1049 1443; baseline -0.002 -19"><span class='ocrx_word' id='word_1_83' title='bbox 86 1356 292 1443; x_wconf 75' lang='grc' dir='ltr'><strong><em>συγγνώμην</em></strong></span> <span class='ocrx_word' id='word_1_84' title='bbox 303 1351 381 1442; x_wconf 89' lang='grc' dir='ltr'><strong><em>μήτ’</em></strong></span> <span class='ocrx_word' id='word_1_85' title='bbox 398 1359 493 1422; x_wconf 88' lang='grc' dir='ltr'><strong><em>έλεον</em></strong></span> <span class='ocrx_word' id='word_1_86' title='bbox 504 1352 584 1438; x_wconf 85' lang='grc' dir='ltr'><strong><em>μήτε</em></strong></span> <span class='ocrx_word' id='word_1_87' title='bbox 601 1357 716 1421; x_wconf 92' lang='grc' dir='ltr'><strong><em>παιδία</em></strong></span> <span class='ocrx_word' id='word_1_88' title='bbox 726 1353 873 1422; x_wconf 85' lang='grc' dir='ltr'><strong><em>κλύοντα</em></strong></span> <span class='ocrx_word' id='word_1_89' title='bbox 883 1353 1049 1442; x_wconf 84' lang='grc' dir='ltr'><strong><em>ὁμύννμα-</em></strong></span> 
     </span>
     <span class='ocr_line' id='line_1_13' title="bbox 85 1450 1048 1541; baseline -0.009 -19"><span class='ocrx_word' id='word_1_90' title='bbox 85 1463 157 1523; x_wconf 80' lang='grc' dir='ltr'><strong><em>τῶν</em></strong></span> <span class='ocrx_word' id='word_1_91' title='bbox 173 1452 357 1538; x_wconf 76' lang='grc' dir='ltr'><strong><em>εὐεργετοῦν</em></strong></span> <span class='ocrx_word' id='word_1_92' title='bbox 378 1450 454 1538; x_wconf 82' lang='grc' dir='ltr'><strong><em>μήτ’</em></strong></span> <span class='ocrx_word' id='word_1_93' title='bbox 473 1450 555 1518; x_wconf 78' lang='grc' dir='ltr'><strong><em>ἄλλο</em></strong></span> <span class='ocrx_word' id='word_1_94' title='bbox 573 1454 676 1537; x_wconf 74' lang='grc' dir='ltr'><strong><em>μηδὲν</em></strong></span> <span class='ocrx_word' id='word_1_95' title='bbox 687 1450 810 1532; x_wconf 82' lang='grc' dir='ltr'><strong><em>αὐτούς</em></strong></span> <span class='ocrx_word' id='word_1_96' title='bbox 825 1451 1048 1541; x_wconf 57' lang='grc' dir='ltr'><strong><em>ὐφεληκέυαη,</em></strong></span> 
     </span>
     <span class='ocr_line' id='line_1_14' title="bbox 86 1551 1045 1638; baseline 0.001 -19"><span class='ocrx_word' id='word_1_97' title='bbox 86 1552 149 1622; x_wconf 81' lang='grc' dir='ltr'><strong><em>τὸν</em></strong></span> <span class='ocrx_word' id='word_1_98' title='bbox 158 1552 195 1621; x_wconf 74' lang='grc' dir='ltr'><strong><em>δὲ</em></strong></span> <span class='ocrx_word' id='word_1_99' title='bbox 207 1551 412 1638; x_wconf 74' lang='grc' dir='ltr'><strong><em>Ἀτρομήτου</em></strong></span> <span class='ocrx_word' id='word_1_100' title='bbox 422 1558 485 1618; x_wconf 81' lang='grc' dir='ltr'><strong><em>τοῦ</em></strong></span> <span class='ocrx_word' id='word_1_101' title='bbox 499 1553 816 1637; x_wconf 79' lang='grc' dir='ltr'><strong><em>γραμματιστοῦ-καὶ</em></strong></span> <span class='ocrx_word' id='word_1_102' title='bbox 826 1557 1045 1632; x_wconf 75' lang='grc' dir='ltr'><strong><em>Γλαυκοθέας</em></strong></span> 
     </span>
     <span class='ocr_line' id='line_1_15' title="bbox 85 1644 1045 1740; baseline -0.002 -20"><span class='ocrx_word' id='word_1_103' title='bbox 85 1661 146 1740; x_wconf 91' lang='grc' dir='ltr'><strong><em>τῆς</em></strong></span> <span class='ocrx_word' id='word_1_104' title='bbox 155 1649 235 1731; x_wconf 85' lang='grc' dir='ltr'><strong><em>τούς</em></strong></span> <span class='ocrx_word' id='word_1_105' title='bbox 244 1651 389 1730; x_wconf 75' lang='grc' dir='ltr'><strong><em>θιάσους</em></strong></span> <span class='ocrx_word' id='word_1_106' title='bbox 399 1648 628 1735; x_wconf 86' lang='grc' dir='ltr'><strong><em>συναγούσης,</em></strong></span> <span class='ocrx_word' id='word_1_107' title='bbox 646 1645 695 1733; x_wconf 81' lang='grc' dir='ltr'><strong><em>ἐφ’</em></strong></span> <span class='ocrx_word' id='word_1_108' title='bbox 708 1644 760 1728; x_wconf 87' lang='grc' dir='ltr'><strong><em>οἷς</em></strong></span> <span class='ocrx_word' id='word_1_109' title='bbox 774 1650 868 1736; x_wconf 78' lang='grc' dir='ltr'><strong><em>ἑτέρα</em></strong></span> <span class='ocrx_word' id='word_1_110' title='bbox 880 1652 1045 1736; x_wconf 70' lang='grc' dir='ltr'><strong><em>τέθνηκεν</em></strong></span> 
     </span>
     <span class='ocr_line' id='line_1_16' title="bbox 86 1745 1043 1835; baseline 0 -17"><span class='ocrx_word' id='word_1_111' title='bbox 86 1755 205 1834; x_wconf 88' lang='grc' dir='ltr'><strong><em>ίέρεια,</em></strong></span> <span class='ocrx_word' id='word_1_112' title='bbox 217 1757 341 1818; x_wconf 85' lang='grc' dir='ltr'><strong><em>τούτου</em></strong></span> <span class='ocrx_word' id='word_1_113' title='bbox 351 1745 445 1834; x_wconf 86' lang='grc' dir='ltr'><strong><em>ὑμεῖς</em></strong></span> <span class='ocrx_word' id='word_1_114' title='bbox 454 1747 630 1835; x_wconf 87' lang='grc' dir='ltr'><strong><em>λαβόντες,</em></strong></span> <span class='ocrx_word' id='word_1_115' title='bbox 642 1745 704 1814; x_wconf 82' lang='grc' dir='ltr'><strong><em>τὸν</em></strong></span> <span class='ocrx_word' id='word_1_116' title='bbox 714 1755 784 1815; x_wconf 74' lang='grc' dir='ltr'><strong><em>τοῖν</em></strong></span> <span class='ocrx_word' id='word_1_117' title='bbox 792 1748 971 1834; x_wconf 84' lang='grc' dir='ltr'><strong><em>τοιούτοιν,</em></strong></span> <span class='ocrx_word' id='word_1_118' title='bbox 982 1749 1043 1818; x_wconf 85' lang='grc' dir='ltr'><strong><em>τόυ</em></strong></span> 
     </span>
     <span class='ocr_line' id='line_1_17' title="bbox 86 1843 1045 1935; baseline 0 -18"><span class='ocrx_word' id='word_1_119' title='bbox 86 1846 167 1917; x_wconf 74' lang='grc' dir='ltr'><strong><em>οὐδὲ</em></strong></span> <span class='ocrx_word' id='word_1_120' title='bbox 177 1846 253 1916; x_wconf 87' lang='grc' dir='ltr'><strong><em>καθ’</em></strong></span> <span class='ocrx_word' id='word_1_121' title='bbox 265 1851 303 1919; x_wconf 73' lang='grc' dir='ltr'><strong><em>ἓν</em></strong></span> <span class='ocrx_word' id='word_1_122' title='bbox 312 1847 476 1935; x_wconf 86' lang='grc' dir='ltr'><strong><em>χρήσιμον</em></strong></span> <span class='ocrx_word' id='word_1_123' title='bbox 487 1853 527 1934; x_wconf 85' lang='grc' dir='ltr'><strong><em>τῆ</em></strong></span> <span class='ocrx_word' id='word_1_124' title='bbox 540 1849 650 1930; x_wconf 87' lang='grc' dir='ltr'><strong><em>πόλει,</em></strong></span> <span class='ocrx_word' id='word_1_125' title='bbox 669 1843 733 1914; x_wconf 87' lang='grc' dir='ltr'><strong><em>οὐκ</em></strong></span> <span class='ocrx_word' id='word_1_126' title='bbox 750 1843 871 1932; x_wconf 80' lang='grc' dir='ltr'><strong><em>αὐτὸν,</em></strong></span> <span class='ocrx_word' id='word_1_127' title='bbox 888 1845 931 1916; x_wconf 93' lang='grc' dir='ltr'><strong><em>οὐ</em></strong></span> <span class='ocrx_word' id='word_1_128' title='bbox 943 1851 1045 1917; x_wconf 52' lang='grc' dir='ltr'><strong><em>πατέό</em></strong></span> 
     </span>
     <span class='ocr_line' id='line_1_18' title="bbox 40 1942 1044 2034; baseline 0.003 -20"><span class='ocrx_word' id='word_1_129' title='bbox 40 1968 76 2022; x_wconf 77' lang='lat'><strong><em>82</em></strong></span> <span class='ocrx_word' id='word_1_130' title='bbox 87 1972 139 2033; x_wconf 91' lang='grc' dir='ltr'><strong><em>ρα,</em></strong></span> <span class='ocrx_word' id='word_1_131' title='bbox 153 1944 215 2014; x_wconf 89' lang='grc' dir='ltr'><strong><em>οὐκ</em></strong></span> <span class='ocrx_word' id='word_1_132' title='bbox 227 1943 330 2014; x_wconf 74' lang='grc' dir='ltr'><strong><em>ἄλλον</em></strong></span> <span class='ocrx_word' id='word_1_133' title='bbox 340 1943 465 2014; x_wconf 84' lang='grc' dir='ltr'><strong><em>οὐδένα</em></strong></span> <span class='ocrx_word' id='word_1_134' title='bbox 474 1953 544 2013; x_wconf 72' lang='grc' dir='ltr'><strong><em>τοῖν</em></strong></span> <span class='ocrx_word' id='word_1_135' title='bbox 554 1945 676 2015; x_wconf 87' lang='grc' dir='ltr'><strong><em>τούτου</em></strong></span> <span class='ocrx_word' id='word_1_136' title='bbox 691 1942 851 2032; x_wconf 76' lang='grc' dir='ltr'><strong><em>ὐφήσετες</em></strong></span> <span class='ocrx_word' id='word_1_137' title='bbox 875 1961 969 2028; x_wconf 90' lang='grc' dir='ltr'><strong><em>ποῖος</em></strong></span> <span class='ocrx_word' id='word_1_138' title='bbox 978 1947 1044 2034; x_wconf 75' lang='grc' dir='ltr'><strong><em>γὰρ</em></strong></span> 
     </span>
     <span class='ocr_line' id='line_1_19' title="bbox 84 2042 1107 2130; baseline 0.002 -16"><span class='ocrx_word' id='word_1_139' title='bbox 84 2051 196 2126; x_wconf 79' lang='grc' dir='ltr'><strong><em>ἵππος,</em></strong></span> <span class='ocrx_word' id='word_1_140' title='bbox 208 2050 286 2111; x_wconf 90' lang='grc' dir='ltr'><strong><em>ποία</em></strong></span> <span class='ocrx_word' id='word_1_141' title='bbox 296 2045 442 2130; x_wconf 81' lang='grc' dir='ltr'><strong><em>τριήρης,</em></strong></span> <span class='ocrx_word' id='word_1_142' title='bbox 455 2045 534 2112; x_wconf 86' lang='grc' dir='ltr'><strong><em>ποία</em></strong></span> <span class='ocrx_word' id='word_1_143' title='bbox 545 2051 715 2128; x_wconf 88' lang='grc' dir='ltr'><strong><em>στρατεία,</em></strong></span> <span class='ocrx_word' id='word_1_144' title='bbox 727 2051 776 2124; x_wconf 89' lang='grc' dir='ltr'><strong><em>τίς</em></strong></span> <span class='ocrx_word' id='word_1_145' title='bbox 786 2042 900 2130; x_wconf 80' lang='grc' dir='ltr'><strong><em>χορὸς,</em></strong></span> <span class='ocrx_word' id='word_1_146' title='bbox 917 2052 966 2126; x_wconf 91' lang='grc' dir='ltr'><strong><em>τίς</em></strong></span> <span class='ocrx_word' id='word_1_147' title='bbox 976 2055 1045 2115; x_wconf 88' lang='grc' dir='ltr'><strong><em>λει-</em></strong></span> <span class='ocrx_word' id='word_1_148' title='bbox 1054 2066 1107 2121; x_wconf 69' lang='lat'><strong><em>432</em></strong></span> 
     </span>
    </p>
   </div>
   <div class='ocr_carea' id='block_1_3' title="bbox 84 2140 1169 2428">
    <p class='ocr_par' dir='ltr' id='par_1_3' title="bbox 84 2140 1169 2428">
     <span class='ocr_line' id='line_1_20' title="bbox 84 2140 1049 2241; baseline 0.003 -31"><span class='ocrx_word' id='word_1_149' title='bbox 84 2146 241 2225; x_wconf 80' lang='grc' dir='ltr'><strong><em>τονργία,</em></strong></span> <span class='ocrx_word' id='word_1_150' title='bbox 261 2146 309 2231; x_wconf 76' lang='grc' dir='ltr'><strong><em>τίς</em></strong></span> <span class='ocrx_word' id='word_1_151' title='bbox 320 2141 475 2223; x_wconf 74' lang='grc' dir='ltr'><strong><em>εἰσφορὰ,</em></strong></span> <span class='ocrx_word' id='word_1_152' title='bbox 492 2147 542 2218; x_wconf 91' lang='grc' dir='ltr'><strong><em>τίς</em></strong></span> <span class='ocrx_word' id='word_1_153' title='bbox 552 2140 684 2241; x_wconf 82' lang='grc' dir='ltr'><strong><em>εὐνοιοι,</em></strong></span> <span class='ocrx_word' id='word_1_154' title='bbox 700 2155 794 2220; x_wconf 86' lang='grc' dir='ltr'><strong><em>ποῖος</em></strong></span> <span class='ocrx_word' id='word_1_155' title='bbox 818 2149 992 2235; x_wconf 85' lang='grc' dir='ltr'><strong><em>κίνδυνος,</em></strong></span> <span class='ocrx_word' id='word_1_156' title='bbox 1014 2153 1049 2214; x_wconf 90' lang='grc' dir='ltr'><strong><em>τί</em></strong></span> 
     </span>
     <span class='ocr_line' id='line_1_21' title="bbox 86 2237 1169 2326; baseline 0.001 -17"><span class='ocrx_word' id='word_1_157' title='bbox 86 2237 261 2309; x_wconf 82' lang='grc' dir='ltr'><strong><em>τούτιονίυ</em></strong></span> <span class='ocrx_word' id='word_1_158' title='bbox 270 2238 370 2306; x_wconf 76' lang='grc' dir='ltr'><strong><em>παντί</em></strong></span> <span class='ocrx_word' id='word_1_159' title='bbox 379 2246 427 2326; x_wconf 75' lang='grc' dir='ltr'><strong><em>τῷ</em></strong></span> <span class='ocrx_word' id='word_1_160' title='bbox 437 2239 548 2326; x_wconf 75' lang='grc' dir='ltr'><strong><em>χρόνῳ</em></strong></span> <span class='ocrx_word' id='word_1_161' title='bbox 559 2241 676 2322; x_wconf 80' lang='grc' dir='ltr'><strong><em>γέγονε</em></strong></span> <span class='ocrx_word' id='word_1_162' title='bbox 686 2239 777 2322; x_wconf 82' lang='grc' dir='ltr'><strong><em>παρὰ</em></strong></span> <span class='ocrx_word' id='word_1_163' title='bbox 788 2239 918 2326; x_wconf 84' lang='grc' dir='ltr'><strong><em>τούτου</em></strong></span> <span class='ocrx_word' id='word_1_164' title='bbox 927 2249 969 2326; x_wconf 86' lang='grc' dir='ltr'><strong><em>τῆ</em></strong></span> <span class='ocrx_word' id='word_1_165' title='bbox 979 2244 1045 2311; x_wconf 84' lang='grc' dir='ltr'><strong><em>πό·</em></strong></span> <span class='ocrx_word' id='word_1_166' title='bbox 1165 2246 1169 2253; x_wconf 78' lang='grc'><em>“</em></span> 
     </span>
     <span class='ocr_line' id='line_1_22' title="bbox 87 2331 1043 2428; baseline 0 -21"><span class='ocrx_word' id='word_1_167' title='bbox 87 2348 154 2420; x_wconf 76' lang='grc' dir='ltr'><strong><em>λεις</em></strong></span> <span class='ocrx_word' id='word_1_168' title='bbox 177 2342 284 2405; x_wconf 87' lang='grc' dir='ltr'><strong><em>καίτοι</em></strong></span> <span class='ocrx_word' id='word_1_169' title='bbox 294 2331 362 2404; x_wconf 81' lang='grc' dir='ltr'><strong><em>κύν</em></strong></span> <span class='ocrx_word' id='word_1_170' title='bbox 371 2341 402 2404; x_wconf 83' lang='grc' dir='ltr'><strong><em>εί</em></strong></span> <span class='ocrx_word' id='word_1_171' title='bbox 416 2342 520 2403; x_wconf 81' lang='grc' dir='ltr'><strong><em>ταῦτα</em></strong></span> <span class='ocrx_word' id='word_1_172' title='bbox 532 2334 631 2404; x_wconf 77' lang='grc' dir='ltr'><strong><em>πάνθ’</em></strong></span> <span class='ocrx_word' id='word_1_173' title='bbox 644 2334 809 2422; x_wconf 82' lang='grc' dir='ltr'><strong><em>ὑπῆρχεν,</em></strong></span> <span class='ocrx_word' id='word_1_174' title='bbox 831 2339 1043 2428; x_wconf 73' lang='grc' dir='ltr'><strong><em>έκεῖυαδδμή</em></strong></span> 
     </span>
    </p>
   </div>
   <div class='ocr_carea' id='block_1_4' title="bbox 40 2435 1046 3411">
    <p class='ocr_par' dir='ltr' id='par_1_4' title="bbox 40 2435 1046 3411">
     <span class='ocr_line' id='line_1_23' title="bbox 88 2435 1046 2523; baseline 0.002 -18"><span class='ocrx_word' id='word_1_175' title='bbox 88 2443 229 2523; x_wconf 89' lang='grc' dir='ltr'><strong><em>προσῆν,</em></strong></span> <span class='ocrx_word' id='word_1_176' title='bbox 248 2439 384 2514; x_wconf 83' lang='grc' dir='ltr'><strong><em>δικαίως</em></strong></span> <span class='ocrx_word' id='word_1_177' title='bbox 393 2437 449 2505; x_wconf 81' lang='grc' dir='ltr'><strong><em>καί</em></strong></span> <span class='ocrx_word' id='word_1_178' title='bbox 461 2450 582 2521; x_wconf 87' lang='grc' dir='ltr'><strong><em>προῖκα</em></strong></span> <span class='ocrx_word' id='word_1_179' title='bbox 593 2435 1046 2523; x_wconf 81' lang='grc' dir='ltr'><strong><em>πεπρεσβευκέναι,-ὐπολω-</em></strong></span> 
     </span>
     <span class='ocr_line' id='line_1_24' title="bbox 88 2532 1043 2624; baseline 0.001 -21"><span class='ocrx_word' id='word_1_180' title='bbox 88 2535 180 2603; x_wconf 86' lang='grc' dir='ltr'><strong><em>λέυαι</em></strong></span> <span class='ocrx_word' id='word_1_181' title='bbox 201 2533 311 2620; x_wconf 86' lang='grc' dir='ltr'><strong><em>δήπου</em></strong></span> <span class='ocrx_word' id='word_1_182' title='bbox 332 2542 501 2620; x_wconf 89' lang='grc' dir='ltr'><strong><em>προσῆκεν</em></strong></span> <span class='ocrx_word' id='word_1_183' title='bbox 523 2532 624 2623; x_wconf 73' lang='grc' dir='ltr'><strong><em>αὐτῷ.</em></strong></span> <span class='ocrx_word' id='word_1_184' title='bbox 657 2539 688 2602; x_wconf 85' lang='grc' dir='ltr'><strong><em>εί</em></strong></span> <span class='ocrx_word' id='word_1_185' title='bbox 703 2533 740 2603; x_wconf 54' lang='lat' dir='ltr'><strong><em>a}</em></strong></span> <span class='ocrx_word' id='word_1_186' title='bbox 755 2534 836 2622; x_wconf 87' lang='grc' dir='ltr'><strong><em>μήτε</em></strong></span> <span class='ocrx_word' id='word_1_187' title='bbox 851 2543 958 2624; x_wconf 67' lang='grc' dir='ltr'><strong><em>ταῦτα</em></strong></span> <span class='ocrx_word' id='word_1_188' title='bbox 973 2534 1043 2623; x_wconf 77' lang='grc' dir='ltr'><strong><em>μήτ’</em></strong></span> 
     </span>
     <span class='ocr_line' id='line_1_25' title="bbox 40 2626 1046 2721; baseline 0 -18"><span class='ocrx_word' id='word_1_189' title='bbox 40 2646 78 2703; x_wconf 76' lang='grc' dir='ltr'><strong><em>θδ</em></strong></span> <span class='ocrx_word' id='word_1_190' title='bbox 88 2637 206 2715; x_wconf 84' lang='grc' dir='ltr'><strong><em>ἐκεῖνα,</em></strong></span> <span class='ocrx_word' id='word_1_191' title='bbox 218 2629 260 2700; x_wconf 90' lang='grc' dir='ltr'><strong><em>οὐ</em></strong></span> <span class='ocrx_word' id='word_1_192' title='bbox 270 2633 515 2720; x_wconf 81' lang='grc' dir='ltr'><strong><em>τιμωρήσεσθε;</em></strong></span> <span class='ocrx_word' id='word_1_193' title='bbox 533 2629 596 2700; x_wconf 93' lang='grc' dir='ltr'><strong><em>οὐκ</em></strong></span> <span class='ocrx_word' id='word_1_194' title='bbox 606 2631 914 2721; x_wconf 82' lang='grc' dir='ltr'><strong><em>ἀναμνησθήσεσθε.</em></strong></span> <span class='ocrx_word' id='word_1_195' title='bbox 923 2626 974 2703; x_wconf 81' lang='grc' dir='ltr'><strong><em>οὐν</em></strong></span> <span class='ocrx_word' id='word_1_196' title='bbox 983 2661 1046 2703; x_wconf 84' lang='grc' dir='ltr'><strong><em>κα-</em></strong></span> 
     </span>
     <span class='ocr_line' id='line_1_26' title="bbox 88 2728 1046 2819; baseline 0.003 -20"><span class='ocrx_word' id='word_1_197' title='bbox 88 2739 240 2818; x_wconf 76' lang='grc' dir='ltr'><strong><em>τηγορῶν</em></strong></span> <span class='ocrx_word' id='word_1_198' title='bbox 251 2737 341 2817; x_wconf 76' lang='grc' dir='ltr'><strong><em>ἔλεγε</em></strong></span> <span class='ocrx_word' id='word_1_199' title='bbox 355 2733 540 2819; x_wconf 86' lang='grc' dir='ltr'><strong><em>Τιμύρχού,</em></strong></span> <span class='ocrx_word' id='word_1_200' title='bbox 559 2728 603 2812; x_wconf 85' lang='grc' dir='ltr'><strong><em>ύς</em></strong></span> <span class='ocrx_word' id='word_1_201' title='bbox 614 2729 716 2801; x_wconf 86' lang='grc' dir='ltr'><strong><em>οὐδέν</em></strong></span> <span class='ocrx_word' id='word_1_202' title='bbox 727 2729 793 2800; x_wconf 83' lang='grc' dir='ltr'><strong><em>ἐστ’</em></strong></span> <span class='ocrx_word' id='word_1_203' title='bbox 808 2731 930 2819; x_wconf 77' lang='grc' dir='ltr'><strong><em>ὄφελος</em></strong></span> <span class='ocrx_word' id='word_1_204' title='bbox 945 2734 1046 2803; x_wconf 87' lang='grc' dir='ltr'><strong><em>πόλε-</em></strong></span> 
     </span>
     <span class='ocr_line' id='line_1_27' title="bbox 91 2827 1046 2918; baseline 0.005 -22"><span class='ocrx_word' id='word_1_205' title='bbox 91 2827 215 2914; x_wconf 82' lang='grc' dir='ltr'><strong><em>υςῆτις</em></strong></span> <span class='ocrx_word' id='word_1_206' title='bbox 225 2830 269 2916; x_wconf 86' lang='grc' dir='ltr'><strong><em>μῆ</em></strong></span> <span class='ocrx_word' id='word_1_207' title='bbox 280 2839 386 2918; x_wconf 79' lang='grc' dir='ltr'><strong><em>νεῦρα</em></strong></span> <span class='ocrx_word' id='word_1_208' title='bbox 396 2835 448 2901; x_wconf 84' lang='grc' dir='ltr'><strong><em>έπὶ</em></strong></span> <span class='ocrx_word' id='word_1_209' title='bbox 458 2833 538 2912; x_wconf 85' lang='grc' dir='ltr'><strong><em>τούς</em></strong></span> <span class='ocrx_word' id='word_1_210' title='bbox 548 2829 747 2910; x_wconf 78' lang='grc' dir='ltr'><strong><em>ἀδικοῦντας</em></strong></span> <span class='ocrx_word' id='word_1_211' title='bbox 756 2836 836 2918; x_wconf 89' lang='grc' dir='ltr'><strong><em>έχει,</em></strong></span> <span class='ocrx_word' id='word_1_212' title='bbox 861 2829 1046 2901; x_wconf 66' lang='grc' dir='ltr'><strong><em>οὐδεπολι-</em></strong></span> 
     </span>
     <span class='ocr_line' id='line_1_28' title="bbox 89 2920 1045 3016; baseline 0.005 -22"><span class='ocrx_word' id='word_1_213' title='bbox 89 2932 177 3004; x_wconf 88' lang='grc' dir='ltr'><strong><em>τείας</em></strong></span> <span class='ocrx_word' id='word_1_214' title='bbox 188 2929 225 2992; x_wconf 83' lang='grc' dir='ltr'><strong><em>έν</em></strong></span> <span class='ocrx_word' id='word_1_215' title='bbox 235 2920 258 3013; x_wconf 84' lang='grc' dir='ltr'><strong><em>ῆ</em></strong></span> <span class='ocrx_word' id='word_1_216' title='bbox 270 2931 450 3016; x_wconf 84' lang='grc' dir='ltr'><strong><em>συγγυύμη</em></strong></span> <span class='ocrx_word' id='word_1_217' title='bbox 468 2933 523 3000; x_wconf 79' lang='grc' dir='ltr'><strong><em>καί</em></strong></span> <span class='ocrx_word' id='word_1_218' title='bbox 538 2937 743 3016; x_wconf 84' lang='grc' dir='ltr'><strong><em>παραγγελία</em></strong></span> <span class='ocrx_word' id='word_1_219' title='bbox 756 2939 825 2998; x_wconf 74' lang='grc' dir='ltr'><strong><em>τῶν</em></strong></span> <span class='ocrx_word' id='word_1_220' title='bbox 840 2929 955 3016; x_wconf 85' lang='grc' dir='ltr'><strong><em>νόμων</em></strong></span> <span class='ocrx_word' id='word_1_221' title='bbox 973 2945 1045 3016; x_wconf 90' lang='grc' dir='ltr'><strong><em>μεῖ-</em></strong></span> 
     </span>
     <span class='ocr_line' id='line_1_29' title="bbox 89 3025 1045 3115; baseline 0.004 -22"><span class='ocrx_word' id='word_1_222' title='bbox 89 3032 147 3108; x_wconf 79' lang='grc' dir='ltr'><strong><em>ξον</em></strong></span> <span class='ocrx_word' id='word_1_223' title='bbox 157 3027 345 3111; x_wconf 79' lang='grc' dir='ltr'><strong><em>ἰσχύουσιν·</em></strong></span> <span class='ocrx_word' id='word_1_224' title='bbox 367 3026 441 3095; x_wconf 88' lang='grc' dir='ltr'><strong><em>οὐδ’</em></strong></span> <span class='ocrx_word' id='word_1_225' title='bbox 456 3031 560 3096; x_wconf 81' lang='grc' dir='ltr'><strong><em>ἐλεεῖν</em></strong></span> <span class='ocrx_word' id='word_1_226' title='bbox 576 3025 664 3114; x_wconf 78' lang='grc' dir='ltr'><strong><em>ὑμᾶς</em></strong></span> <span class='ocrx_word' id='word_1_227' title='bbox 679 3026 757 3095; x_wconf 85' lang='grc' dir='ltr'><strong><em>οὐτε</em></strong></span> <span class='ocrx_word' id='word_1_228' title='bbox 770 3027 832 3115; x_wconf 85' lang='grc' dir='ltr'><strong><em>τήν</em></strong></span> <span class='ocrx_word' id='word_1_229' title='bbox 841 3031 964 3115; x_wconf 87' lang='grc' dir='ltr'><strong><em>μητέρα</em></strong></span> <span class='ocrx_word' id='word_1_230' title='bbox 975 3034 1045 3097; x_wconf 89' lang='grc' dir='ltr'><strong><em>δεῖν</em></strong></span> 
     </span>
     <span class='ocr_line' id='line_1_30' title="bbox 88 3124 1045 3213; baseline 0.003 -21"><span class='ocrx_word' id='word_1_231' title='bbox 88 3124 151 3211; x_wconf 89' lang='grc' dir='ltr'><strong><em>τήν</em></strong></span> <span class='ocrx_word' id='word_1_232' title='bbox 165 3125 345 3211; x_wconf 76' lang='grc' dir='ltr'><strong><em>Τιμάρχου,</em></strong></span> <span class='ocrx_word' id='word_1_233' title='bbox 355 3133 467 3212; x_wconf 81' lang='grc' dir='ltr'><strong><em>γραῦν</em></strong></span> <span class='ocrx_word' id='word_1_234' title='bbox 474 3140 628 3213; x_wconf 83' lang='grc' dir='ltr'><strong><em>γυναῖκα,</em></strong></span> <span class='ocrx_word' id='word_1_235' title='bbox 637 3125 715 3195; x_wconf 88' lang='grc' dir='ltr'><strong><em>οὐτε</em></strong></span> <span class='ocrx_word' id='word_1_236' title='bbox 727 3127 768 3195; x_wconf 81' lang='grc' dir='ltr'><strong><em>τὰ</em></strong></span> <span class='ocrx_word' id='word_1_237' title='bbox 780 3131 893 3195; x_wconf 81' lang='grc' dir='ltr'><strong><em>παιδία</em></strong></span> <span class='ocrx_word' id='word_1_238' title='bbox 903 3125 971 3195; x_wconf 90' lang='grc' dir='ltr'><strong><em>οὐτ’</em></strong></span> <span class='ocrx_word' id='word_1_239' title='bbox 982 3126 1045 3195; x_wconf 79' lang='grc' dir='ltr'><strong><em>ἄλ-</em></strong></span> 
     </span>
     <span class='ocr_line' id='line_1_31' title="bbox 88 3220 1044 3313; baseline 0.001 -22"><span class='ocrx_word' id='word_1_240' title='bbox 88 3232 151 3291; x_wconf 93' lang='grc' dir='ltr'><strong><em>λον</em></strong></span> <span class='ocrx_word' id='word_1_241' title='bbox 160 3220 293 3309; x_wconf 87' lang='grc' dir='ltr'><strong><em>οὐδένα,</em></strong></span> <span class='ocrx_word' id='word_1_242' title='bbox 306 3222 374 3291; x_wconf 75' lang='grc' dir='ltr'><strong><em>ἀλλ’</em></strong></span> <span class='ocrx_word' id='word_1_243' title='bbox 389 3227 495 3292; x_wconf 85' lang='grc' dir='ltr'><strong><em>έκεῖνο</em></strong></span> <span class='ocrx_word' id='word_1_244' title='bbox 507 3222 608 3313; x_wconf 79' lang='grc' dir='ltr'><strong><em>ὁρᾶν,</em></strong></span> <span class='ocrx_word' id='word_1_245' title='bbox 620 3223 672 3294; x_wconf 80' lang='grc' dir='ltr'><strong><em>ὅτι</em></strong></span> <span class='ocrx_word' id='word_1_246' title='bbox 684 3231 714 3294; x_wconf 87' lang='grc' dir='ltr'><strong><em>εῖ</em></strong></span> <span class='ocrx_word' id='word_1_247' title='bbox 723 3226 912 3313; x_wconf 86' lang='grc' dir='ltr'><strong><em>προήσεσθε</em></strong></span> <span class='ocrx_word' id='word_1_248' title='bbox 923 3225 965 3292; x_wconf 84' lang='grc' dir='ltr'><strong><em>τύ</em></strong></span> <span class='ocrx_word' id='word_1_249' title='bbox 974 3232 1044 3292; x_wconf 70' lang='grc' dir='ltr'><strong><em>τοῖν</em></strong></span> 
     </span>
     <span class='ocr_line' id='line_1_32' title="bbox 88 3319 1043 3411; baseline 0.001 -23"><span class='ocrx_word' id='word_1_250' title='bbox 88 3322 204 3407; x_wconf 79' lang='grc' dir='ltr'><strong><em>νόμον</em></strong></span> <span class='ocrx_word' id='word_1_251' title='bbox 213 3325 268 3390; x_wconf 79' lang='grc' dir='ltr'><strong><em>καί</em></strong></span> <span class='ocrx_word' id='word_1_252' title='bbox 282 3330 341 3410; x_wconf 89' lang='grc' dir='ltr'><strong><em>τῆς</em></strong></span> <span class='ocrx_word' id='word_1_253' title='bbox 351 3330 529 3409; x_wconf 83' lang='grc' dir='ltr'><strong><em>πολιτείας,</em></strong></span> <span class='ocrx_word' id='word_1_254' title='bbox 541 3322 602 3410; x_wconf 86' lang='grc' dir='ltr'><strong><em>οὐχ</em></strong></span> <span class='ocrx_word' id='word_1_255' title='bbox 617 3322 772 3411; x_wconf 87' lang='grc' dir='ltr'><strong><em>εὑρήσετε</em></strong></span> <span class='ocrx_word' id='word_1_256' title='bbox 791 3321 876 3403; x_wconf 81' lang='grc' dir='ltr'><strong><em>τούς</em></strong></span> <span class='ocrx_word' id='word_1_257' title='bbox 882 3319 968 3408; x_wconf 82' lang='grc' dir='ltr'><strong><em>ὑμᾶς</em></strong></span> <span class='ocrx_word' id='word_1_258' title='bbox 978 3321 1043 3390; x_wconf 87' lang='grc' dir='ltr'><strong><em>αὐ-</em></strong></span> 
     </span>
    </p>
   </div>
   <div class='ocr_carea' id='block_1_5' title="bbox 40 3418 1045 3578">
    <p class='ocr_par' dir='ltr' id='par_1_5' title="bbox 40 3418 1045 3578">
     <span class='ocr_line' id='line_1_33' title="bbox 40 3418 1045 3510; baseline -0.001 -21"><span class='ocrx_word' id='word_1_259' title='bbox 40 3418 166 3498; x_wconf 69' lang='grc' dir='ltr'><strong><em>ῑθετούς</em></strong></span> <span class='ocrx_word' id='word_1_260' title='bbox 179 3419 391 3507; x_wconf 65' lang='grc' dir='ltr'><strong><em>ἐλεήσοντας.</em></strong></span> <span class='ocrx_word' id='word_1_261' title='bbox 423 3420 492 3492; x_wconf 74' lang='grc' dir='ltr'><strong><em>ἀλλ’</em></strong></span> <span class='ocrx_word' id='word_1_262' title='bbox 513 3419 534 3492; x_wconf 86' lang='grc' dir='ltr'>ὁ</span> <span class='ocrx_word' id='word_1_263' title='bbox 552 3422 615 3510; x_wconf 70' lang='grc' dir='ltr'><strong><em>μὲν</em></strong></span> <span class='ocrx_word' id='word_1_264' title='bbox 635 3430 841 3509; x_wconf 80' lang='grc' dir='ltr'><strong><em>ταλαίπωρος</em></strong></span> <span class='ocrx_word' id='word_1_265' title='bbox 861 3421 1045 3508; x_wconf 79' lang='grc' dir='ltr'><strong><em>ἄνθρωπος</em></strong></span> 
     </span>
     <span class='ocr_line' id='line_1_34' title="bbox 155 3517 902 3578; baseline 0.007 -10"><span class='ocrx_word' id='word_1_266' title='bbox 155 3517 291 3571; x_wconf 74' lang='lat' dir='ltr'><strong>Demosth.</strong></span> <span class='ocrx_word' id='word_1_267' title='bbox 314 3519 373 3578; x_wconf 79' lang='lat' dir='ltr'><strong>Vol.</strong></span> <span class='ocrx_word' id='word_1_268' title='bbox 386 3518 407 3570; x_wconf 88' lang='lat'><strong><em>1.</em></strong></span> <span class='ocrx_word' id='word_1_269' title='bbox 866 3518 902 3573; x_wconf 72' lang='lat'><strong><em>24</em></strong></span> 
     </span>
    </p>
   </div>
   <div class='ocr_carea' id='block_1_6' title="bbox 0 0 1174 3894">
    <p class='ocr_par' dir='ltr' id='par_1_6' title="bbox 0 0 1174 3894">
     <span class='ocr_line' id='line_1_35' title="bbox 0 0 1174 3894; baseline 0 0"><span class='ocrx_word' id='word_1_270' title='bbox 0 0 1174 3894; x_wconf 95' lang='lat' dir='ltr'><strong><em> </em></strong></span> 
     </span>
    </p>
   </div>
  </div>
 </body>
</html>
