2340 3894
214 184 343 277 ιιιινι
375 215 485 277 τινα
507 215 957 285 ακριιιαεειιιιιιιε.
1002 224 1064 293 τεο

104 373 159 444 ὅτι
170 375 245 444 τότε
254 378 316 460 μὲν
325 373 363 443 τὸ
372 375 435 462 τήν
446 375 583 462 εἰρήνην
595 373 640 455 ἀς
650 376 785 462 τάχιστα
795 382 964 467 γενέσθαι,
976 384 1064 453 τοῦτ’

101 466 245 560 ήνύπέρ
257 480 440 560 Φιλίππου,
462 481 529 540 νῦν
542 473 576 542 δέ
596 473 634 544 τὸ
649 474 693 553 ἀς
704 482 860 545 πλεῖστον
870 477 930 547 τὰν
941 483 1062 566 μεταξύ
1083 495 1089 505 ’

46 589 93 644 ’,65
102 573 229 659 χρόνον
236 577 475 660 διατριφθῆναι
483 579 545 640 τοῦ
553 571 633 651 τούς
641 572 763 660 ὅρκους
771 573 962 664 ἀπολαβεῖν.
979 578 1124 648 ἀλλά393

103 669 173 757 μὴν
182 669 233 738 ὅτι
244 673 300 738 καὶ
309 669 403 739 ταῦτ’
417 668 529 756 ἀληθῆ
537 677 633 759 λέγω,
642 675 726 758 λαβέ
735 699 791 758 μοι
801 676 856 743 καὶ
866 677 991 764 ταύτην
1002 677 1063 765 τήν

104 775 301 854 μαρτυρίαν.

460 941 698 1007 Mamm.
785 928 788 933 ’

177 1063 292 1134 Ἔστιν
303 1060 368 1133 οὖν
378 1063 469 1145 ὅπως
480 1061 524 1132 ἀν
534 1073 662 1151 μᾶλλον
672 1068 849 1156 ἄνθρωποι
860 1069 961 1138 πάνθ’
974 1068 1058 1158 ὑπὲρ
1073 1146 1077 1155 f
1101 1113 1104 1117 ·

101 1170 271 1231 Φιλίππου
288 1162 487 1249 πράττοντες
497 1167 718 1250 ἐξελεγχθεῖεν
733 1164 756 1254 ή
772 1169 835 1254 τήν
852 1166 958 1254 αὐτὴν
975 1161 1058 1238 ὁδὸν

98 1258 199 1348 ἡνίκα
210 1263 273 1348 μέν
281 1262 440 1329 σπεύδειν
454 1259 538 1344 ὑπὲρ
558 1259 656 1349 ὑμῶν
666 1269 732 1332 ἔδει
741 1258 1054 1352 καθήμενοι,’ὁ’τεδ’

98 1356 179 1428 ούδέ
190 1365 334 1447 βαδίζειν
345 1368 491 1448 προσῆκε
503 1363 583 1446 πρὶν
593 1365 705 1432 ἐλθεῖν
715 1362 776 1433 τὸν
786 1366 917 1452 κήρυκα
925 1366 1056 1452 ἐπειγό-

97 1485 208 1546 μενοι;

47 1585 87 1640 66
175 1554 236 1626 Ὃν
245 1563 362 1628 τοίνυν
373 1557 497 1646 χρόνον
507 1551 592 1646 ἦμεν
603 1562 673 1629 ἐκεῖ
678 1563 733 1630 καί
746 1560 911 1650 καθήμεθ’
923 1567 960 1631 ἐν
966 1568 1055 1632 Πίλ-

95 1666 155 1746 λγ,
177 1660 348 1739 σκέψασθε
368 1665 403 1726 τί
420 1657 576 1743 πράττειν
597 1661 733 1740 ἕκαστος
752 1659 849 1748 ἡμῶν
871 1669 1051 1747 προείλετο.

95 1754 161 1842 ἐγώ
180 1757 241 1842 μὲν
257 1762 373 1824 τοίνυν
389 1754 468 1835 τοὺς
484 1757 709 1842 αἰχμαλώτους
727 1758 908 1841 ἀνασώζειν
924 1762 979 1828 καί
997 1765 1061 1845 ζιχ-Ι
1097 1808 1101 1817 ·

93 1869 181 1943 τεῖν,
205 1857 260 1924 καὶ
270 1853 350 1942 παρ’
363 1859 510 1942 ἐμαυτοῦ
518 1881 554 1923 τε
564 1855 705 1944 χρήματ’
722 1856 914 1927 ἀναλίσκειν
922 1860 978 1925 καί
989 1865 1052 1926 Φί-

94 1962 219 2023 λιππον
230 1953 361 2042 ἀξιοῦν,
375 1948 424 2022 ύν
434 1952 514 2042 ἡμῖν
524 1958 636 2023 ἐδίδου
648 1959 782 2043 ξενίων,
794 1956 934 2035 τούτους
945 1956 1050 2025 λύσαι·

93 2056 191 2122 σ’θαι·
214 2046 311 2134 οὗτος
322 2054 357 2122 δέ
368 2052 487 2122 αὐτίκα
499 2052 687 2123 ἀκούσεσθε
698 2062 733 2124 τί
740 2063 846 2124 ποιεῖν
857 2049 1049 2123 διετέλεσεν.

91 2159 129 2221 τί
136 2145 379 2240 οάνήντοῦτο;
396 2153 433 2221 τὸ
451 2160 546 2240 κοινή
564 2150 713 2239 χρήμαθ’
724 2149 803 2239 ἡμῖν
810 2153 871 2220 τὸν
884 2159 1050 2220 Φίλιππον

46 2264 81 2322 67
91 2252 233 2321 διδόναι.
260 2255 317 2320 ἵνα
328 2252 363 2320 δέ
375 2255 456 2338 μηδὲ
467 2248 558 2318 τοῦτ’
571 2249 727 2337 ἀγνοήτε,
750 2255 874 2330 ἐκεῖνος
882 2249 969 2338 ἡμᾶς
980 2255 1050 2318 διε-

90 2351 278 2432 κωδύνιξευ
289 2350 437 2430 ἅπαντας
449 2358 523 2419 τίνα
533 2350 673 2436 τρόπους
685 2347 811 2438 ἑκάστῳ
822 2351 1048 2434 προσπέμπων

90 2456 160 2540 ίδίχι
171 2454 226 2519 καί
237 2452 323 2519 πολύ
334 2478 387 2537 γε,
407 2444 434 2519 ὦ
445 2447 756 2536 ἀνδρεςἏθηναῖοι,
776 2445 1047 2533 διδοάςχρυσίον.

91 2548 137 2629 ὡς
154 2548 185 2617 δ’
205 2549 432 2638 ἀπετύγχανεν
449 2548 652 2636 ὁτουδήποτε
675 2546 729 2636 (ού
748 2547 813 2633 γάρ
830 2549 888 2636 ἐμέ
896 2544 929 2631 γ’
944 2552 1048 2613 εἰπεῖν

89 2649 237 2737 ἐμαυτὸν
248 2656 311 2738 δεῖ,
324 2650 408 2719 ἀλλά
419 2649 460 2718 τά
472 2656 551 2737 ἔργα
562 2652 617 2716 καὶ
627 2645 668 2715 τά
679 2643 877 2732 πεπραγμέν’
891 2642 974 2712 αὐτὰ
987 2649 1047 2732 δή·

88 2749 203 2835 λύσει)
213 2800 222 2833 ,
234 2747 274 2818 τά
286 2757 382 2838 κοινῇ
394 2752 537 2818 δοθέντα
547 2747 672 2826 πάντας
681 2743 790 2835 ἡγεῖτο
802 2743 933 2833 εύήθοος
944 2743 1047 2831 λήψε-
1094 2764 1096 2768 ·

86 2858 190 2916 σθαι·
212 2848 400 2936 ἀσφάλειαν
422 2843 486 2916 οὖν
506 2853 642 2916 ἔσεσθαι
662 2861 731 2926 τοῖς
751 2851 817 2934 ίδίᾳ
840 2843 1046 2930 πεπρακόσιν

87 2944 231 3035 αύτούς,
253 2954 283 3017 εί
298 2951 352 3016 καὶ
371 2946 454 3015 κατά
472 2945 592 3032 μικρὸν
608 2953 671 3013 τοῦ
687 2951 802 3030 λαβεῖν
819 2951 916 3030 κοινή
926 2942 1047 3019 πάντες

88 3046 317 3133 μετάσχοιμεν.
362 3047 415 3115 διά
432 3043 527 3113 ταῦτ’
548 3048 692 3128 ἐδίδοτο,
711 3046 800 3122 ξένια
813 3041 853 3128 δή
866 3041 1046 3126 πρόφασιν.

46 3143 203 3231 ῖὸἐπειδή
217 3143 251 3212 δ’
261 3144 413 3213 ἐκώλυσα
426 3141 507 3228 ἐγώ,
530 3143 631 3209 πάλιν
642 3146 934 3226 προσδιενείμαντο
944 3132 1044 3234 τοῦθ’

89 3236 194 3314 οὗτοι.
216 3253 264 3334 τῷ
276 3252 428 3332 Φιλίππῳ
442 3239 486 3328 δ’,
501 3241 611 3327 ἐπειδή
623 3238 717 3308 ταῦτ’
732 3246 777 3318 είς
789 3239 866 3316 τούς
880 3232 1061 3322 αίχμαλύ-’

90 3366 171 3420 τους
192 3339 311 3428 ήξίουν
333 3340 437 3409 αὐτὸν
462 3339 654 3408 ἀναλίσκειν
675 3337 756 3424 ἐγὼ,
782 3335 859 3405 ούτε
881 3346 1047 3403 κατειπεῖν

91 3441 223 3510 τούτων
239 3440 304 3527 εἶχε
315 3437 502 3529 καλῶςούύ
517 3446 621 3508 εἰπεῖν
632 3436 683 3507 ὅτι
698 3433 793 3533 ’ἀλλ’
807 3429 967 3522 ἐχουσινὸ
980 3435 1049 3501 δεῖω
