2340 3894
296 202 910 316 ,ωενινουετεοιιιονζ
1005 225 1070 293 ειο
1145 184 1148 190 ’

108 383 217 460 δεῖξαί
222 405 255 446 τι
264 383 410 466 βέλτιον,
432 375 550 466 ήὸλως
566 391 600 449 εί
611 408 643 449 τι
660 381 741 452 άλλο
751 388 833 471 ἐνῆν
843 384 930 472 πλὴν
943 380 993 454 άν
1003 388 1067 474 ἐγώ

109 477 329 564 προειλόμην,
341 474 469 546 ἀδικεῖν
479 475 639 564 ὁμολογοῖ.
662 487 694 549 εί
702 479 767 567 γάρ
780 482 860 551 ἔσθἸ
869 482 890 553 6'
900 512 931 552 τι
941 512 992 563 τις
1000 495 1069 554 νῦν
1139 476 1143 484 ’

109 578 266 664 ἑόρακεν,
289 572 309 644 6
330 577 536 662 συνήνεγκεν
553 575 597 645 άν
612 579 688 647 τότε
704 582 870 668 πραχθὲν,
891 582 982 651 τοῦτ’
1001 585 1067 669 ἐμά

109 701 195 762 φημι
213 672 285 743 δεῖν
301 675 356 759 ἐμὲ
367 673 411 760 μή
424 682 550 743 λαθεῖν.
582 682 612 743 εί
623 677 659 746 65
668 679 747 766 μήτ’
761 686 829 748 ἔστι
840 682 921 767 μήτε
930 675 976 768 ’ήν
987 680 1063 768 μήτ’

109 769 154 841 άυ
163 779 269 840 εἰπεῖν
279 778 346 858 ἔχοι
355 776 468 861 μηδεὶς
480 776 613 861 μηδέπω
624 780 679 844 καί
689 778 849 864 τήμερον,
866 777 967 847 τίτόν
980 781 1067 866 σάμ-
1075 796 1128 852 292

97 877 237 991 ’βρυλον
247 875 346 958 ἐχρῆν
356 885 478 952 ποιείν;
497 871 539 939 οά
551 881 621 940 τῶν
631 880 844 961 φαινομένων
854 881 909 944 καί
919 876 1067 945 ἐνόντων

56 987 100 1041 191
108 995 148 1036 τα
159 968 318 1053 κράτιστα
329 969 487 1051 ἑλέσθαι;
500 977 598 1038 τοῦτο
614 977 732 1040 τοίνυν
749 977 885 1060 ἐποίησα
902 973 982 1060 ἐγω,
1005 983 1067 1044 τοῦ

108 1067 255 1152 κήρυκος
264 1067 530 1186 ἐρωτωντος,Λ
529 1069 671 1156 ίσχίνη,
674 1069 770 1150 τίς’
752 1073 928 1157 αγορεόειν
944 1075 1067 1188 9066-

103 1159 210 1247 “”ται,
231 1157 273 1228 οὐ
292 1158 364 1239 “τίς
382 1166 553 1227 αἰτιάσθω
570 1162 729 1245 περὶτῶν
745 1163 1062 1253 παρεληλυθότων,”

106 1255 213 1328 0665‘
217 1266 267 1338 τίς
275 1257 505 1343 ἐγχυασθαι
470 1285 511 1325 τα
521 1257 669 1343 μελλοντ
680 1260 834 1330 ἔῖσεσθαι
837 1261 987 1332 ’6066'
969 1266 1066 1350 αφά-

105 1386 169 1429 νου
176 1384 239 1428 κατ
238 1355 406 1438 ἐκεινους
413 1384 493 1437 τους
498 1383 642 1444 χρονους
654 1360 691 1426 ἐν
701 1371 773 1439 ταῖς
780 1363 967 1446 ἐκκλησιαις
978 1374 1058 1429 καθ·

105 1457 233 1545 ημένου
245 1455 310 1542 ἐμά
322 1457 453 1542 παριών
465 1461 591 1574 ἔλεγον.
604 1454 719 1542 ἐπειδὴ
734 1453 763 1526 6'
770 1485 813 1526 ου
819 1483 905 1544 τοτε,
912 1457 1047 1527 αλλα
1002 1487 1069 1526 νυν

111 1559 227 1634 δεῖξον.
251 1539 572 1638 είπὲτίςήλόχος,
551 1578 643 1621 οντιν
648 1548 1068 1641 ’ίχρήνεὺρεῑν,ήκαιρός

70 1649 328 1747 συμφέρων’
308 1676 356 1719 υπ
359 1648 463 1736 ’ἐμοῦ
472 1659 682 1774 παρελείφθη
693 1679 733 1740 τη
721 1653 854 1733 πόλεις
875 1677 894 1719 τ
895 1650 970 1730 6965
980 1669 1067 1737 συμ-

109 1759 226 1838 μαχία,
242 1757 292 1829 τίς
301 1752 468 1835 πράξις,ἐ
469 1748 505 1836 φ’
520 1747 564 1836 ἣν
574 1759 700 1836 μᾶλλον
712 1756 778 1820 εδει
787 1777 828 1837 με
840 1765 977 1835 αχαγειν
987 1775 1068 1817 του
1162 1781 1164 1785 ·

109 1855 220 1929 τουσί;

59 1967 102 2025 192
191 1946 290 2016 Ἀλλὰ
312 1945 379 2034 μήν
400 1948 438 2016 τὰ
460 1951 521 2033 μὲν
542 1945 775 2033 παρεληλυθὸς
790 1944 841 2015 ἀεὶ
859 1946 947 2031 παρά
963 1953 1067 2014 πᾶσιν

109 2020 257 2133 άφείται,
278 2048 333 2115 καὶ
350 2043 458 2125 οὐδεὶς
475 2071 549 2131 περι
539 2047 689 2115 τούτου
703 2053 903 2133 προτίθησιν
913 2043 1067 2129 οόόαμοά

109 2144 254 2232 βουλήν·
276 2172 313 2213 το
302 2143 368 2213 65
385 2142 544 2231 μέλλον”
521 2173 542 2230 η
555 2142 592 2213 τό
605 2170 715 2230 παρον
723 2171 787 2230 την
798 2171 859 2212 του
845 2143 1068 2229 συμβούλου

108 2242 203 2323 τάξιν
214 2240 351 2312 άπαιτεί.
384 2244 458 2311 τότε
469 2249 584 2309 τοίνυν
594 2240 635 2310 τά
646 2246 707 2328 μὲν
724 2245 876 2327 ἔμελλεν,
895 2239 938 2319 ὡς
950 2242 1085 2321 ίθόκει,’

110 2348 180 2409 τῶν
196 2345 333 2427 δεινῶν,
355 2338 395 2409 τά
413 2338 446 2408 6'
464 2338 527 2426 ήδη
545 2348 672 2426 παρήν,
695 2343 731 2407 ἐν
743 2337 792 2418 οἷς
800 2340 862 2425 τήν
873 2344 1068 2425 προαίρεσίν

110 2465 178 2525 μου
189 2439 305 2508 σκόπει
315 2448 373 2525 τῆς
383 2447 563 2523 πολιτείας,
586 2436 631 2523 μὴ
645 2435 686 2505 τά
703 2438 877 2524 συμβάντα
894 2435 1068 2520 συκοφάν-

110 2564 169 2607 τει.
192 2536 230 2606 τό
241 2536 376 2626 μὲνγὰρ
389 2540 505 2622 πέρας,
518 2535 563 2615 ὡς
574 2533 617 2605 άν
629 2533 647 2603 6
660 2539 788 2623 δαίμων
795 2541 969 2621 βουληθῇ,
982 2533 1069 2599 πάν-

109 2662 180 2704 των
195 2642 356 2721 γίγνεται·
379 2634 399 2722 ἡ
417 2636 454 2705 65
471 2643 661 2721 προαίρεσις
678 2632 761 2720 αὐτή
773 2632 834 2720 τήν
843 2641 905 2700 τοῦ
916 2631 1069 2718 συμβού-

56 2743 174 2804 Ιθδλου
188 2735 341 2804 διάνοιαν
354 2741 455 2821 δηλοῖ.
479 2762 522 2822 μη
512 2733 574 2821 69
585 2743 684 2804 τοῦτο
694 2731 889 2820 ὡςάθίκημα
900 2733 980 2820 ἐμὸν
990 2740 1067 2820 θης,

112 2840 144 2903 εί
138 2841 320 2955 κρατήσαι
339 2837 463 2921 συνέβη
475 2839 553 2902 Φιλί
552 2859 628 2924 ππω
639 2842 681 2923 τή
691 2835 794 2922 μάχη
817 2833 904 2902 ἐν
864 2859 929 2919 γαρ
940 2860 986 2923 τῳ
973 2839 1069 2922 θεῷ

112 2930 387 3011 τὸτοότουτέλος
402 2926 461 3020 ἦν,
483 2932 546 3001 οὐκ
563 2938 601 3001 ἐν
611 2936 693 3020 ἐμοι
726 2930 835 3000 ἀλλ’
813 2960 857 3011 ως
867 2931 928 3017 ουχ
939 2956 1069 3001 απαντα

113 3029 179 3099 οσα
189 3033 271 3117 ἕνην
282 3058 343 3100 κατ
347 3028 589 3115 ανθρωπινον
599 3027 785 3115 λογισμονε
787 3030 924 3118 ίλόμην,
946 3032 1002 3100 καί
1019 3036 1070 3097 δι-

113 3135 217 3208 καίως
225 3139 330 3198 ταῦτα
341 3132 396 3198 καὶ
407 3134 567 3216 ἐπιμελως
577 3131 701 3213 ἔπραξα
712 3129 766 3195 καὶ
778 3128 969 3212 φιλοπόνως
984 3125 1069 3210 ὑπὲρ

114 3226 277 3314 θόναμιν,
299 3227 321 3313 ή
339 3225 383 3306 69
392 3225 434 3298 06
446 3228 531 3296 καλὰ
541 3228 597 3295 καί
606 3233 666 3312 τής
674 3226 802 3306 πόλεως
810 3226 885 3307 άξια
895 3227 1071 3311 πράγματα

114 3324 341 3412 ἐνεστησάμην
352 3327 406 3394 καὶ
419 3324 598 3410 ἀναγκαῖα,
610 3325 716 3392 ταῦτά
727 3351 783 3411 μοι
794 3330 919 3410 θεῑξον,
934 3328 989 3391 καί
999 3321 1070 3393 τότ’

63 3421 178 3511 1949'69
195 3423 378 3508 κατηγόρειΙ
388 3449 464 3514 μου.
497 3429 528 3491 εί
537 3420 569 3490 6'
583 3421 601 3492 6
615 3422 744 3511 συμβὰς
754 3421 900 3512 σκηπτὸς
910 3420 954 3509 μή
966 3423 1073 3508 μόνον
